3222 5170
767 371 829 433 108

304 592 307 595 ·
383 554 521 621 σκολίων
544 552 708 630 Μελήτου,
731 557 875 640 Καρικῶν
897 551 1100 644 αὐλημάτων,

383 658 523 745 θρήνων,
547 663 696 746 χορείων·
718 660 802 745 τάχα
823 655 854 724 bi
877 655 1099 734 δηλωθήσεται.

382 765 533 848 ἐνεγκάτω
555 790 603 838 τις
624 765 659 828 rb
681 761 803 851 λύριον·
825 767 922 828 καίτοι
943 767 973 828 ri
994 760 1038 829 δεῖ

382 865 483 954 λύρας
504 863 554 932 ἐπὶ
574 873 706 940 τοῦτον;
727 873 790 932 ποῦ
811 866 891 930 ’στιν
913 869 932 942 ἡ
954 876 1021 942 τοῖς
1043 869 1210 953 ὀστράκοις

383 972 459 1047 αὕτη
482 977 653 1059 eporeiam
676 970 769 1059 δεῦρο
792 970 894 1036 Μοῦσ’
917 969 1104 1060 Εὐριπίδου,

381 1077 464 1162 πρὸς
484 1074 582 1161 ἥνπερ
604 1071 754 1150 ἐπιτήδεια
774 1075 858 1141 ταῦτ’
880 1074 964 1161 ᾅδειν
981 1075 1062 1155 ’μέλη
1075 1077 1096 1133 ¹·

308 1180 379 1245 Hoc
415 1179 517 1266 igitur
548 1185 643 1245 utens
685 1180 923 1263 instrumento,
960 1181 1080 1266 quippe
1115 1180 1202 1266 quod
1232 1182 1336 1266 magis

262 1293 382 1358 faceret
412 1292 453 1356 ad
485 1293 629 1357 carmina
661 1292 839 1377 Euripiden
860 1314 958 1378 quarn
984 1292 1055 1378 lyra
1080 1299 1227 1376 austera,
1257 1316 1338 1379 quae

263 1403 448 1490 designavit
478 1404 559 1470 vitia
587 1411 806 1490 repraesentet
840 1405 875 1469 in
906 1404 1045 1471 ridicula
1071 1405 1252 1490 cantilena,
1276 1428 1339 1492 qua

263 1516 438 1584 adversarii
456 1516 532 1600 μέλη
552 1517 731 1583 imitaturi
759 1518 848 1598 Quae
861 1518 907 1582 ibi
919 1517 1139 1603 exploduntur
1154 1519 1232 1584 haec
1243 1525 1336 1583 sunt:

264 1629 416 1696 dictionis
451 1629 599 1715 quaesita
632 1630 836 1712 sublimitas,
878 1653 943 1716 qua
976 1651 1026 1696 res
1059 1627 1210 1717 ¹vulgares
1243 1653 1338 1716 saepe

264 1743 389 1810 tumide
409 1750 441 1808 et
464 1743 598 1808 obscure
619 1744 834 1809 enuncientur
860 1743 917 1828 (de
941 1765 1005 1828 qna
1029 1765 1082 1826 re,
1104 1743 1138 1807 in
1163 1743 1223 1809 IV⁰
1240 1743 1338 1830 hujus

264 1855 451 1942 speciminis
483 1856 597 1941 Capite
623 1857 695 1942 jam
716 1863 854 1923 tractata
874 1878 948 1943 pag.
978 1860 1019 1922 54
1046 1878 1136 1943 sqq.‚
1162 1880 1247 1923 nunc
1273 1879 1338 1922 non

264 1991 346 2055 opus
377 1975 428 2035 est
458 1970 575 2035 iterum
598 1971 739 2057 dicere),
771 1978 804 2036 et
826 1991 1033 2036 numerorum
1057 1971 1160 2036 nimia
1182 1971 1337 2055 varietas,
1399 1967 1401 1971 ’

263 2083 370 2168 magis
400 2082 593 2149 effeminatis
629 2084 680 2149 vel
717 2083 906 2149 meretriciis
941 2105 1038 2171 quam
1072 2086 1171 2151 cattis
1206 2085 1338 2150 auribus
1409 2063 1411 2067 ι

264 2203 341 2284 apta
355 2199 377 2261 ³.
409 2197 578 2262 Praeterea
599 2196 825 2282 improbantur
847 2219 949 2262 novae
976 2197 1117 2263 musicae
1141 2197 1338 2263 modulatio-

265 2334 335 2394 nes,
358 2311 467 2396 plnres
491 2330 587 2376 sonos
615 2309 809 2374 conferentis
833 2309 867 2373 in
891 2331 992 2375 unam
1015 2310 1174 2394 syllabam
1189 2315 1212 2376 ⁴.

310 2424 402 2504 Quod
425 2424 543 2489 attinet
569 2424 610 2487 ad
638 2422 757 2488 crimen
781 2444 989 2487 numerorum
1013 2424 1073 2488 ἀνὰ
1100 2427 1136 2488 τὸ
1168 2421 1339 2507 δωδεκαμή-

265 2567 367 2627 χανον
398 2537 670 2622 compositorum,
702 2535 756 2601 hic
787 2535 853 2601 fere
885 2537 996 2601 endem
1030 2538 1135 2621 possis
1170 2538 1338 2603 observare

264 2674 346 2738 quac
380 2651 414 2715 in
455 2650 587 2716 caeteris
623 2649 790 2734 Euripidis
828 2650 917 2715 vitiis
949 2650 1150 2738 explicandis
1184 2651 1336 2716 vidimus.

267 2765 398 2832 Scilicet
429 2765 464 2829 in
499 2774 602 2828 metro
638 2785 782 2850 quoqne,
822 2774 965 2829 veterum
1000 2765 1112 2850 legum
1144 2764 1338 2850 impatiens,

298 3044 305 3074 ¹
324 3045 354 3093 In
380 3041 475 3092 ultimis
498 3041 611 3090 versibus
631 3040 760 3105 respicitur
777 3041 845 3091 locus
862 3041 1011 3105 Euripideee
1028 3041 1182 3105 Hypsipyles
1198 3055 1247 3090 sec.
1264 3041 1340 3090 schol.

264 3133 431 3185 “conseratur
446 3130 532 3181 Photii
546 3130 614 3180 locus
631 3145 686 3195 pag.
707 3132 766 3190 180,
786 3132 825 3190 12,
840 3131 906 3180 uude
925 3130 1051 3193 probabile
1068 3130 1096 3178 lit
1113 3131 1272 3195 Hypsipylen
1287 3145 1340 3181 cro·

263 3223 387 3272 “talorum
408 3234 480 3271 souos
501 3233 556 3268 cum
575 3227 649 3270 cantu
668 3219 859 3283 conjungentem
878 3219 954 3269 fuisse
971 3220 1161 3270 introductam.”
1186 3220 1340 3284 Wagnerus,

265 3311 308 3376 qui
323 3308 474 3362 Eritschium
491 3308 607 3371 sequitur.
624 3307 728 3359 Cautius
742 3308 881 3359 Nauckius:
899 3308 1048 3372 “Euripides
1060 3308 1118 3372 quid
1132 3308 1247 3358 dixerite
1258 3308 1341 3358 Photii

264 3405 319 3453 loco
335 3416 385 3450 uon
401 3399 460 3450 satis
476 3399 602 3463 apparet'*
635 3400 747 3462 (Eragm.
764 3401 824 3448 Eur.
841 3401 891 3453 769
908 3399 995 3463 Diud).

297 3491 370 3542 ¹Vs.
392 3493 453 3542 1309
469 3505 532 3554 sqq.;
550 3489 679 3538 videantur
696 3505 758 3553 quae
774 3491 805 3538 de
821 3489 869 3538 hoc
885 3489 979 3538 cantico
996 3487 1061 3538 infra
1077 3488 1190 3536 dicentur
1211 3487 1236 3534 in
1258 3501 1340 3536 recen·

265 3584 333 3633 sione
350 3581 460 3630 locorum
477 3580 519 3628 ubi
534 3580 719 3644 Aristophanes
733 3579 878 3642 joculariter
895 3580 1040 3642 Euripidem
1057 3580 1167 3628 imitatus
1183 3585 1228 3627 est.

297 3671 308 3704 ⁸
324 3670 383 3720 Ἀνὰ
399 3673 428 3720 rb
445 3668 656 3734 δωδεκαμήχανον
674 3670 792 3735 Κυρήνης
808 3671 951 3734 μελοποιῶν
962 3683 998 3719 vs.
1018 3669 1089 3718 1328.
1105 3667 1247 3717 videchol.
1260 3667 1341 3718 Simul

265 3762 306 3811 hic
323 3759 488 3822 Euripideum
504 3773 537 3807 ex
552 3759 693 3824 Hypsipyle
710 3773 811 3808 versum
827 3759 939 3807 imitatur
955 3757 1106 3821 Aeschylus.
1134 3758 1268 3806 Praeterea
1278 3756 1341 3806 conf.

265 3865 302 3899 vs.
321 3850 391 3908 1308,
408 3848 450 3898 ubi
465 3857 538 3912 poete
553 3850 690 3912 procaciter
707 3850 787 3898 innuit
806 3848 933 3912 Euripidis
950 3848 1050 3897 Musam
1067 3845 1248 3910 αἰσχροποιεῐν.

298 3939 368 4001 Quae
384 3940 410 3988 iu
426 3938 569 4001 Agathonis
586 3939 716 3988 mollitiem
733 3937 868 4001 asperrime
884 3937 999 3986 dicuutur
1015 3936 1086 3985 initio
1102 3935 1341 3998 Thesmophoriuzu·

266 4046 357 4086 sarum,
374 4029 423 4078 huc
439 4029 513 4079 etiarn
530 4029 663 4093 pertinent.
684 4030 751 4078 Nam
768 4028 811 4077 ille
826 4037 899 4090 poeta
916 4027 1025 4091 tragicus
1041 4024 1182 4074 simillimus
1199 4033 1254 4074 erat
1269 4026 1341 4075 Euri·

265 4122 342 4186 pidia,
363 4135 441 4185 neque
461 4121 535 4170 aliam
557 4120 582 4168 in
606 4119 724 4169 (immotis
741 4118 858 4168 iaciendis
873 4118 940 4167 viam
958 4117 1040 4169 inibat.
1074 4115 1222 4179 Thesmoph.
1240 4131 1277 4164 vs.
1296 4117 1342 4167 187

266 4211 398 4275 Euripides
414 4211 444 4261 de
461 4225 491 4260 eo
508 4212 578 4261 dicit:
668 4269 672 4273 ,
702 4229 706 4236 ·

556 4308 635 4366 μόνοιΙ
653 4303 700 4366 γὰρ
718 4301 751 4348 ἂν
768 4299 862 4356 λέξειας
879 4298 955 4354 ἀξίως
974 4297 1041 4361 ἐμοῦ.

299 4391 309 4422 ⁴
327 4389 369 4438 Ad
386 4390 448 4438 hanc
465 4391 600 4440 novitatem
618 4391 745 4439 ridendam
763 4387 961 4452 conglutinatum
980 4395 1017 4435 est
1037 4386 1096 4435 illud
1118 4392 1255 4435 monstrum
1272 4397 1342 4432 rocu-

268 4478 333 4528 buli:
350 4478 585 4540 ιὶειειειιιειλίοσιτε,
603 4494 640 4529 vs.
660 4480 735 4537 islo
752 4478 783 4528 of.
801 4479 876 4531 etiam
893 4490 929 4525 vs.
950 4476 1020 4524 lats.
