3216 5154
776 340 816 402 65

257 541 320 605 qua
347 543 411 585 non
437 522 613 608 vestigium
635 522 774 606 reperias
799 522 883 588 male
906 523 1019 588 sedulo
1036 531 1225 610 expromtae
1240 526 1329 594 illius

256 632 450 718 sapientiae,
475 656 557 720 quae
580 636 628 700 ita
648 636 736 701 cordi
759 642 829 701 erat
845 637 997 722 Euripidi
1012 644 1050 703 ut
1066 638 1174 724 ipsum
1191 642 1331 708 vocabu-

256 749 325 814 lum
349 753 454 837 σοφὸς
477 749 512 813 in
535 748 660 815 deliciis
684 749 817 815 haberet
834 750 854 814 ¹.
895 749 946 815 Ea
966 772 1048 836 quae
1071 752 1170 817 citavi
1185 753 1333 821 sufficere

256 866 337 947 puto
367 867 405 928 ut
432 867 543 947 pateat
574 866 697 948 quanto
728 861 843 927 nitoris
877 861 997 927 damno
1020 864 1085 929 ista
1105 865 1330 952 philosophiae

257 974 432 1041 ostentatio
465 975 647 1042 constiterit
669 975 837 1071 Euripidis
862 977 1037 1061 tragoediis
1052 987 1082 1062 ⁸,
1110 1000 1169 1044 uec
1193 1001 1264 1045 raro
1288 981 1330 1046 ad
1409 987 1412 994 “

256 1111 331 1154 eum
353 1088 462 1154 referri
484 1110 579 1174 posse
600 1088 698 1159 verba
719 1088 827 1153 Porcii
852 1088 959 1155 Festi:
983 1090 1021 1155 τὰ
1043 1090 1152 1156 πολλά
1176 1120 1210 1157 σε
1233 1094 1332 1179 γράμ-

256 1232 335 1287 ματα
357 1207 401 1279 εἰς
421 1207 535 1286 μανίαν
555 1207 736 1290 περιτρέπει.
787 1202 886 1268 “Non
911 1203 1016 1268 doctis
1043 1201 1140 1268 dictis
1165 1203 1330 1268 studiosus

257 1314 429 1401 quisquam
452 1321 520 1380 erat
543 1325 619 1379 aute
641 1314 750 1408 hunc''
775 1316 815 1382 de
837 1337 872 1381 se
895 1315 980 1400 ipse,
1006 1321 1043 1381 ut
1067 1316 1208 1399 Ennius,
1225 1315 1330 1382 dicere

256 1426 432 1512 potuisset3
458 1426 514 1491 sed
538 1426 665 1491 utinam
688 1426 745 1493 isti
769 1428 879 1494 studio
902 1429 1100 1495 moderatius
1122 1429 1331 1495 indulsisset!

260 1538 295 1605 si
317 1539 390 1628 quis
414 1544 523 1606 autam
549 1539 741 1625 Euripidem
762 1541 810 1606 ita
826 1541 998 1608 defendere
1013 1542 1094 1610 velit
1109 1548 1147 1607 ut
1161 1542 1250 1607 dicat
1265 1564 1331 1607 uon

257 1653 356 1719 nimis
390 1675 499 1720 severe
531 1653 572 1718 ad
607 1653 696 1740 leges
730 1655 926 1722 dramaticus
959 1677 1031 1721 esse
1064 1655 1241 1741 exigendas
1279 1677 1332 1720 eas

258 1789 390 1853 operum
424 1766 494 1852 ejus
527 1771 635 1853 paries
670 1767 787 1853 quibus
823 1769 944 1855 populo
978 1769 1205 1835 commendare
1234 1768 1334 1834 vellet
1440 1832 1442 1836 .

258 1879 345 1945 diota
371 1884 433 1946 τῶν
455 1885 565 1966 σοφῶν
576 1889 600 1964 ³,
625 1902 678 1946 me
693 1886 782 1962 certe¹
793 1881 857 1947 sibi
872 1904 937 1948 nou
951 1883 1070 1947 habeat
1082 1881 1329 1960 assentientem

258 2015 333 2058 nam
368 1998 407 2058 ut
436 1993 496 2058 hoo
519 1993 647 2059 licuerit
674 2035 706 2042 -
738 1996 823 2081 quod
846 1996 901 2061 vix
922 1995 1056 2061 concedi
1077 2000 1188 2080 potest
1210 2032 1254 2042 -
1278 1992 1335 2059 sed

258 2107 309 2172 fac
333 2106 464 2172 licuisse
492 2106 643 2192 Euripidi
666 2107 715 2171 uti
739 2129 836 2173 scena
862 2108 903 2172 ad
925 2107 1143 2192 evulgandum
1168 2106 1332 2192 sophista-

258 2242 329 2285 rum
354 2219 567 2306 sapientiamt
592 2224 627 2284 at
649 2242 690 2285 ue
713 2220 766 2286 hic
789 2220 920 2306 quidem
944 2219 1020 2285 finis
1040 2219 1087 2285 sic
1103 2219 1224 2305 attingi
1240 2225 1332 2304 pote-

258 2339 317 2398 rat.
367 2332 475 2413 Quum
500 2333 587 2398 anim
613 2334 662 2399 vel
686 2334 812 2419 puellas
836 2333 1068 2418 seruulosque⁴
1084 2340 1152 2399 tam
1169 2333 1332 2418 sapienter

290 2532 299 2564 ¹
333 2533 393 2584 vie.
411 2549 433 2584 a.
450 2549 474 2598 g.
491 2534 596 2584 Medeae
614 2548 649 2584 vs.
666 2535 716 2584 299
732 2548 788 2583 cum
805 2534 892 2583 vicinis
908 2534 1030 2594 versibus,
1046 2543 1070 2584 et
1081 2535 1146 2585 oonf.
1156 2536 1332 2600 Aristophanis

258 2623 409 2687 Thesmoph.
426 2639 461 2673 vs.
481 2625 552 2675 11³0.

291 2709 302 2743 ¹
334 2714 393 2763 Van
417 2713 539 2776 Limburg
565 2715 699 2772 Brouwer,
716 2713 814 2762 Prosvc
830 2725 890 2762 over
906 2712 1041 2776 Euripides
1058 2713 1084 2760 in
1102 2713 1161 2762 fine:
1180 2713 1228 2761 “de
1245 2727 1332 2778 aooge·

258 2805 379 2853 “nsamds
404 2804 572 2867 wijsbegeerte
596 2817 644 2851 rau
670 2800 805 2865 Euripides
830 2801 851 2849 is
873 2800 916 2850 hst
936 2800 996 2865 graf
1012 2816 1061 2850 van
1077 2801 1125 2850 alle
1141 2816 1208 2850 waar
1225 2802 1335 2864 tragisch

258 2892 387 2956 “gemel''
404 2892 504 2943 Tertius
521 2891 673 2956 biographus
690 2890 830 2954 Euripidis,
847 2897 958 2939 caeteros
970 2890 1045 2954 longe
1053 2889 1204 2938 antecellens
1213 2890 1337 2950 acumine,

259 2980 387 3031 verissime
411 2980 508 3030 scribit:
533 2984 658 3031 τοιοῦτον
683 2981 762 3030 αὐτὸν
779 2979 895 3042 ἔβλαπτε
912 2980 1035 3042 (doctriua
1052 2996 1067 3029 a
1082 2980 1212 3044 magistris
1228 2981 1338 3043 accepts)

260 3070 322 3121 dccv
338 3070 425 3135 ὠφέλει
442 3071 488 3120 τὸν
505 3069 639 3135 Σοφοκλέα.

292 3159 302 3190 ³
335 3160 407 3222 Quas
431 3160 482 3210 fera
506 3168 544 3210 est
567 3160 715 3210 Bernhardii
732 3160 828 3224 opinio:
851 3159 924 3209 “eine
941 3174 968 3209 so
984 3158 1123 3222 vielseitigc
1141 3159 1340 3209 Persdnlichkeia

260 3256 325 3301 “von
340 3249 503 3314 subjectivum
520 3251 649 3317 Gepr'age.
659 3287 665 3301 .
675 3287 698 3302 ..
719 3252 826 3316 begchrt
842 3253 898 3302 siue
919 3252 1043 3301 durchans
1061 3250 1223 3301 individualis
1239 3246 1337 3298 Eurus*

262 3344 328 3407 (pag.
353 3343 422 3406 389),
445 3344 493 3392 atsi
518 3357 550 3392 ue
574 3342 614 3392 hic
637 3344 736 3407 quidem
758 3342 860 3407 negavit
878 3343 955 3392 talem
972 3342 1142 3406 philosophiae
1161 3356 1245 3399 usam,
1261 3339 1340 3402 qualis

260 3433 369 3484 cernitur
393 3433 418 3481 in
435 3434 568 3496 Euripide,
589 3433 701 3497 tragicae
716 3433 765 3482 arti
781 3434 927 3496 promittere
943 3432 1085 3483 interitum:
1103 3431 1188 3480 “diosc
1204 3430 1269 3479 seins
1286 3428 1340 3491 phi-

261 3522 453 3588 “iosophireude
472 3524 591 3573 Tendens
607 3522 748 3572 schw‘sichts
764 3523 813 3571 dau
830 3521 1011 3571 dramatischeu
1028 3521 1133 3580 Gehait,
1151 3518 1291 3569 andsdhrte
1301 3517 1340 3566 die

261 3613 406 3679 “Tragiidie
421 3615 466 3663 der
483 3613 608 3664 Griechen
625 3628 680 3662 aum
699 3611 810 3662 Ablaui”
830 3612 896 3676 (pag.
916 3612 983 3673 195).

294 3704 304 3736 ⁴
338 3705 395 3752 Huc
411 3702 484 3752 refer.
502 3701 631 3766 Arisoph.
648 3701 759 3751 Acham.
776 3715 813 3750 vs.
829 3700 879 3749 400
894 3714 944 3764 sq.:

651 3791 670 3839 ὦ
690 3788 845 3854 τριςμαιιάρι’
864 3788 1001 3853 Εὐριπίδη,

455 3881 491 3931 ὅθ’
510 3882 522 3929 ὁ
540 3881 631 3938 δοῦλος
647 3878 741 3929 οὑτωσὶ
757 3883 840 3943 σοφῶς
857 3876 1031 3942 ὑποκρίνεται,

262 3973 305 4021 ubi
329 3973 463 4022 scholiasta
486 3986 546 4021 vare
571 3971 687 4028 adnotat,
703 3969 749 4018 sub
766 3968 846 4032 spacia
862 3966 940 4016 laudis
957 3966 1093 4030 vituperari
1109 3964 1256 4027 Euripidem
1274 3964 1340 4025 quod

263 4075 348 4110 servos
364 4064 468 4112 disertos
485 4063 512 4111 in
528 4075 626 4111 scenam
642 4061 733 4110 ducere
750 4058 849 4107 soleret.

295 4151 355 4202 Vid.
373 4152 448 4202 eriam
465 4166 479 4201 e
495 4151 573 4202 Rani·
590 4150 658 4200 locus
675 4164 710 4198 vs.
728 4149 777 4199 9⁴9
793 4162 837 4211 sq„
855 4146 896 4196 ubi
913 4145 1048 4210 Euripides
1065 4159 1135 4194 susm
1153 4141 1237 4205 poesin
1255 4140 1345 4190 deseri·

265 4241 325 4290 bens
341 4241 411 4290 dicit:

394 4328 452 4380 ἀλλ’
469 4329 553 4395 ἔλεγεν
569 4328 585 4388 ἡ
603 4327 668 4393 γυνὴ
688 4325 714 4376 τέ
731 4345 774 4392 μοι
791 4327 828 4389 χώ
845 4324 937 4382 δοῦλος
955 4324 1028 4374 οὐδὲν
1045 4321 1133 4383 ἦττον,

395 4421 432 4482 χώ
449 4418 576 4478 δεσπότης
592 4418 626 4481 χὴ
645 4415 773 4480 παρθένος
789 4415 823 4479 χή
841 4417 920 4480 γραῦς
937 4413 979 4464 ἄν.
