3216 5154
760 411 797 475 15

244 596 364 679 nosue,
399 596 607 678 mulierosus,
640 595 675 659 in
709 597 809 660 Ranis
839 596 971 660 offertur
994 596 1158 662 cachinnis
1182 603 1307 682 specta-

244 718 369 788 torum3
396 709 533 774 Hermes
557 709 643 774 fame
655 713 791 774 vexatus
804 715 939 794 apparet
950 709 984 773 in
997 709 1088 774 Pluti
1099 709 1175 792 fine,
1188 731 1207 774 a
1220 732 1310 776 servo

245 823 306 888 sibi
329 823 424 908 panis
448 827 589 888 crustam
600 826 725 906 petens3
740 823 825 887 idem
838 843 948 887 servus
961 823 1058 908 panio
1070 828 1145 888 ante
1169 824 1312 889 narravit

244 943 282 1001 ut
304 935 499 1020 Aesculapio
521 935 555 998 in
579 933 648 1019 ejus
672 935 748 1000 fano
760 935 927 1020 oppederit
938 936 1110 1021 praesenti.
1137 937 1311 1002 InAvium

245 1049 427 1114 salsissima
435 1047 601 1113 comoedia
609 1047 826 1113 Athenienses
835 1048 911 1130 duc,
925 1048 1034 1113 avium
1046 1049 1138 1133 genti
1150 1049 1311 1134 imperan-

247 1167 315 1244 tes,
345 1161 421 1226 deos
454 1183 473 1226 a
501 1166 586 1225 terra
608 1160 847 1244 intercludunt,
873 1182 952 1245 quos
975 1182 1052 1226 mox
1075 1159 1313 1248 βουλιμιῶντας

246 1277 368 1358 cogunt
401 1293 512 1338 secum
545 1272 673 1357 pacisci.
722 1272 879 1356 Ejusdem
911 1272 1033 1339 farinae
1064 1273 1100 1338 hi
1132 1296 1242 1340 versus
1275 1275 1309 1338 in

246 1386 344 1452 Pluto
368 1386 528 1469 videntur,
554 1386 594 1450 de
616 1386 687 1470 ipsc
710 1385 792 1451 Jove
815 1386 912 1470 dicti,
941 1408 987 1452 vs.
1015 1391 1077 1452 124
1102 1409 1189 1474 sqq.:

331 1489 334 1500 ¹
446 1498 500 1564 oia
521 1500 585 1586 γὰρ
606 1499 683 1566 εἶναι
705 1501 761 1575 τὴν
784 1500 863 1574 Διὸς
884 1496 1053 1586 τυραννίδα

446 1609 493 1669 καὶ
514 1608 588 1678 τοὺς
609 1607 778 1691 κεραυνοὺς
799 1601 910 1680 ἀξίους
930 1602 1123 1690 τριωβόλου,

446 1710 499 1774 ἐὰν
521 1707 711 1795 ἀναβλέψῃς
733 1712 771 1773 σὺ
794 1708 851 1774 κᾶν
871 1710 983 1795 μικρὸν
1004 1710 1166 1795 χρόνον;ί

292 1828 411 1894 Parum
436 1834 616 1893 reverenter
642 1827 742 1914 igitur
765 1827 854 1912 loqui
877 1826 1002 1892 solebat
1024 1828 1064 1893 de
1087 1828 1168 1907 diis3
1193 1831 1313 1916 impius

248 1951 357 2008 tamen
392 1941 499 2006 vocari
534 1942 625 2007 nullo
651 1948 747 2027 pacto
768 1941 917 2025 volebat,
944 1941 1023 2026 quin
1045 1941 1115 2027 ipse
1139 1943 1202 2008 sibi
1225 1945 1314 2011 vide·
1351 2025 1354 2034 1

247 2056 342 2120 batur
370 2036 441 2119 esse
474 2054 557 2139 pius.
608 2054 671 2120 sed
704 2055 828 2120 cultum
862 2053 956 2118 iilum
986 2055 1135 2137 deorum,
1159 2055 1216 2120 vix
1237 2057 1314 2124 ullis

247 2168 469 2236 fundamentis
491 2168 673 2252 nitentem,
699 2168 727 2234 si
750 2169 822 2254 quis
845 2168 981 2233 rationis
998 2168 1096 2234 armis
1113 2169 1313 2254 sollicitaret,

248 2282 417 2348 defendere
441 2301 506 2345 non
528 2285 657 2365 poterat
672 2286 696 2362 2,
716 2301 815 2365 eoque
828 2280 954 2366 aegrius
971 2280 1052 2345 ferre
1067 2281 1180 2346 debuit
1192 2283 1313 2366 quasli-

280 2433 288 2465 ¹
305 2433 371 2483 Vide
394 2439 522 2495 praeterea
545 2431 684 2481 Bernhard.
704 2431 730 2479 ll.
749 2445 806 2494 pag.
823 2432 883 2480 621:
919 2432 992 2481 “Wir
1008 2431 1107 2482 konnen
1125 2433 1251 2482 vielleicht
1268 2449 1315 2482 nur

246 2522 286 2571 die
308 2522 454 2585 winzigsten
477 2520 577 2583 Κυρίνα]
600 2520 649 2582 dar
669 2521 767 2585 γελοῖαι
785 2520 861 2568 kaurn
877 2520 959 2569 ahnen
975 2522 1020 2570 wir
1038 2521 1078 2570 die
1094 2521 1238 2570 schlimmrn
1256 2524 1316 2572 Tra·

246 2611 339 2662 vesties
356 2612 407 2660 und
423 2608 553 2659 burlesken
570 2609 667 2660 Scanen
686 2623 731 2657 aus
748 2611 792 2657 dar
811 2608 991 2673 Mythologie„
1003 2647 1023 2657 ..
1046 2611 1122 2659 deren
1133 2610 1317 2674 Aristophanes

246 2708 319 2749 unter
334 2702 383 2750 den
398 2700 564 2763 abgcnuttten
580 2697 724 2747 homirchen
740 2698 853 2746 Theman
870 2699 947 2762 Vasp.
963 2700 996 2748 60
1011 2700 1143 2762 gedenkt.''
1160 2708 1207 2750 etc.

278 2789 289 2821 ²
305 2791 336 2840 Iu
352 2789 466 2840 Nubibus
481 2795 540 2837 sunt
556 2801 642 2836 versus
659 2787 751 2850 aliquot
766 2786 808 2849 qui
824 2786 886 2834 mihi
903 2787 948 2836 hac
963 2787 991 2835 in
1006 2803 1035 2836 ra
1045 2803 1094 2836 non
1103 2791 1190 2854 exigui
1198 2793 1317 2841 momenti

248 2879 369 2930 videntur.
385 2879 435 2928 Illo
451 2879 505 2928 loco
520 2879 551 2927 da
568 2876 678 2926 fulminis
685 2890 758 2926 cause
767 2876 858 2940 agitur.
869 2876 953 2927 Senex
961 2879 1161 2930 rusticusaJove
1169 2882 1264 2944 repetit
1273 2883 1316 2932 So-

246 2977 325 3018 crates
344 2977 427 3020 autam
439 2975 517 3032 rogat:
534 2968 592 3030 “qui
608 2966 662 3016 fieri
670 2965 755 3029 possit,
765 2965 786 3014 si
796 2966 897 3030 Jupiter
905 2967 988 3015 mittat
995 2966 1100 3030 fulgura,
1109 2978 1137 3019 ut
1146 2972 1191 3034 (vr.
1199 2973 1248 3024 399
1255 2972 1318 3036 sqq.)

735 3059 792 3122 οὐχὶ
809 3057 898 3123 Σίμων’
917 3057 1065 3123 ἐνέπρησεν,

313 3151 368 3201 οὐδὲ
386 3151 540 3214 Κλεώνυμον
556 3148 612 3199 οὐδὲ
630 3146 740 3212 θέωρον;
756 3148 837 3196 καίτοι
854 3147 948 3212 σφόδρα
965 3147 989 3214 γ’
1006 3147 1049 3198 εἶσ’
1066 3150 1183 3214 ἐπίορκοι.

313 3238 381 3286 ἀλλὰ
397 3238 444 3288 τὸν
460 3238 539 3288 αὑτοῦ
556 3255 584 3303 γε
601 3235 664 3287 νεὼν
679 3236 772 3299 βάλλει
788 3237 830 3286 καὶ
847 3235 955 3286 Σαύνιον
972 3237 1049 3303 ἄκραν
1066 3235 1189 3298 Ἀθηνέων

313 3329 354 3378 καί
371 3329 417 3386 τάς
434 3325 494 3390 δρῦς
512 3327 558 3382 τὰς
574 3326 693 3390 μεγάλας·
710 3325 734 3375 τέ
752 3325 854 3385 παθών;
872 3325 901 3374 αὐ
919 3327 966 3390 γὰρ
983 3324 1014 3384 δὴ
1031 3325 1091 3391 δρῦς
1107 3325 1130 3391 γ’
1147 3328 1277 3392 έπεορκεῖ.’“
1353 3337 1355 3340 ’

249 3417 315 3478 Quid
332 3432 392 3466 vero
408 3416 540 3479 respondet
557 3414 709 3477 Strapsiades
725 3429 802 3479 senex
817 3415 849 3464 ad
865 3413 1317 3479 buncminimevsnamquaastionem,

249 3522 323 3571 quam
346 3516 397 3557 tam
421 3506 485 3569 aptis
509 3503 592 3552 verbis
616 3502 756 3564 exprimere
780 3517 830 3551 non
854 3503 974 3566 potuisset
990 3504 1183 3568 Aristophanes,
1199 3504 1247 3552 nisi
1264 3505 1318 3569 ipse

249 3612 322 3660 quam
339 3596 422 3660 gravis
439 3603 503 3646 esset
519 3592 638 3642 sentiret?
663 3591 725 3641 nihil
741 3599 839 3654 praeter
856 3592 1069 3642 haecduoverba:
1087 3593 1205 3644 οὐκοῐδα.
1224 3594 1265 3645 Sic
1273 3604 1318 3651 cst,

249 3687 384 3746 nesciebat,
409 3693 434 3735 et
450 3686 505 3748 ipsa
521 3689 595 3746 poeta
611 3681 742 3740 nesciebat,
759 3682 803 3730 sad
820 3681 883 3730 scira
898 3695 949 3730 non
965 3683 1075 3732 curabat.
1108 3685 1171 3733 Tam
1189 3684 1279 3733 flexilis
1295 3686 1317 3733 οἱ

248 3784 287 3824 est
303 3775 414 3826 docmina
430 3777 460 3824 ds
477 3775 536 3831 diis,
552 3780 581 3822 ut
596 3772 689 3823 Jovem
705 3777 832 3833 potentem
849 3771 971 3835 simulque
985 3780 1110 3836 potentem
1121 3773 1234 3824 Aethera
1241 3775 1318 3838 possit

249 3866 370 3926 revereri,
386 3874 415 3915 ut
432 3864 567 3915 ostenditur
584 3862 630 3912 hoc
646 3861 755 3920 cantico,
772 3861 814 3909 ubi
831 3861 1026 3926 sericagnana
1044 3863 1110 3912 Ναὶ).
1127 3879 1163 3912 vs.
1173 3865 1315 3916 563—570:

443 3952 643 4019 ὑψιμέδοντα
666 3952 721 4017 μέν
745 3949 823 4000 θεῶν

444 4047 527 4103 Ζῆνα
552 4042 713 4108 τύραννον
737 4041 762 4099 ἐς
779 4040 857 4104 χορὸν

444 4137 532 4197 πρῶτα
548 4130 630 4196 μέγαν
646 4129 779 4190 κικλήσκω·

442 4222 489 4270 τόν
505 4239 531 4270 τε
546 4220 687 4284 μεγασθενῆ
706 4220 821 4284 τριαίνης
837 4219 941 4284 ταμίαν,

445 4315 492 4376 γῆς
510 4330 536 4361 τε
554 4312 595 4360 καὶ
612 4309 727 4375 ἁλμυρᾶς
744 4309 875 4370 θαλάσσης
892 4310 980 4374 άγριαν
994 4309 1145 4373 μοχλευτήν·

443 4402 494 4449 καὶ
519 4399 744 4464 μεγαλώνυμον
769 4397 921 4463 ἡμέτερον
946 4397 1052 4461 πατέρ’

446 4488 558 4554 Αἰθέρα
583 4494 795 4553 σεμνότατον,
820 4487 1041 4552 βιοθρέμμονα
1060 4489 1197 4546 πάντων.
