3216 5154
827 453 846 514 8

294 639 350 704 scd
383 638 524 702 indicare
556 637 655 701 etiam
689 631 792 701 sulcas
824 658 895 700 eam
923 641 1043 702 rectam
1068 637 1248 703 studiorum
1274 639 1378 703 ratio.

294 775 383 836 nem,
407 773 503 838 quam
527 751 596 836 ipse
616 750 812 836 jamdudum
837 752 978 836 sequeris
1000 751 1232 836 plaudentibus
1256 759 1288 817 et
1313 753 1370 816 ad·

293 866 488 937 mirantibus
513 864 664 928 omuibus
689 865 833 931 eruditis.

339 981 470 1065 Optime
500 999 626 1064 quoque
659 979 774 1044 deme
798 979 916 1043 meruit
942 979 1116 1044 Academia
1141 979 1369 1064 (impingam,

293 1116 374 1178 quae
399 1093 521 1178 coeptis
556 1091 637 1156 meis
671 1091 789 1156 blande
813 1092 938 1177 arrisit,
964 1098 997 1157 et
1018 1113 1137 1178 magno
1160 1115 1213 1158 me
1237 1092 1371 1178 dignata

292 1208 414 1271 honore
434 1212 492 1270 est.
520 1204 626 1284 Quare
651 1226 716 1268 non
741 1225 813 1269 mea
829 1205 1056 1269 tautummodo
1072 1227 1169 1270 causa
1185 1227 1276 1292 spero
1288 1206 1371 1270 hanc

293 1318 555 1386 dissertationem
577 1355 621 1365 —
646 1339 723 1382 nam
747 1339 785 1384 ea
800 1318 872 1403 ipsa
890 1323 941 1383 est
956 1319 1090 1404 scriptio
1106 1341 1203 1406 quam
1216 1319 1371 1406 suffragio

232 1427 235 1434 ’
293 1442 351 1498 su'o
381 1431 531 1517 probavit
561 1470 605 1480 -
633 1430 706 1496 aliis
731 1453 858 1517 quoque
883 1431 972 1496 Viris
997 1432 1121 1518 doctis,
1146 1435 1264 1520 quibus
1288 1434 1372 1500 forte

292 1547 327 1610 iu
362 1567 479 1611 manus
514 1543 655 1627 venerit,
693 1565 759 1608 non
792 1545 1031 1630 displicituram
1064 1569 1143 1612 esse.
1199 1547 1371 1614 Caeterum
1441 1588 1443 1592 -

292 1681 461 1744 nunquam
496 1655 668 1724 obliviscar
698 1679 797 1744 quam
820 1658 1008 1725 humaniter
1042 1661 1230 1748 Groningae
1253 1661 1371 1727 fuerim

292 1776 445 1857 exceptus
474 1778 508 1837 et
538 1793 634 1857 quam
665 1771 820 1838 candidos
851 1771 920 1838 dies
943 1773 1234 1862 ibi-transegerim.
1284 1775 1371 1862 Ergo

287 1884 360 1968 jure
383 1883 563 1969 meritoque
587 1893 664 1948 vota
687 1883 771 1950 facio
794 1906 853 1969 pro
876 1885 971 1950 istius
995 1887 1190 1953 Academiae
1214 1888 1319 1954 salute
1340 1899 1373 1954 et

291 1999 523 2083 prosperitate,
548 1997 824 2082 quemadmodum
845 2003 921 2064 ante
945 1999 1145 2085 hospaucos
1169 2001 1238 2086 dies
1262 2003 1371 2066 exsul-

293 2111 370 2192 tavi,
388 2109 544 2176 discussis
565 2110 696 2174 tandem
713 2110 854 2175 nubibus
872 2133 952 2196 quas
972 2112 1002 2176 ei
1018 2111 1205 2198 impendere
1218 2113 1368 2180 sciebam.

292 2225 389 2290 Nune
418 2230 491 2288 tuta
523 2245 543 2288 a
575 2221 739 2307 periculo,
773 2223 901 2288 utinam
933 2223 1049 2310 longos
1077 2226 1112 2290 in
1135 2225 1238 2292 annos
1260 2227 1369 2311 vivat,

291 2338 384 2404 utilis
411 2338 554 2424 patriae,
588 2335 713 2402 civibus
745 2358 832 2420 cara,
858 2343 891 2403 et
914 2338 979 2404 nisi
1002 2361 1123 2426 magna
1151 2341 1371 2406 studiosorum

292 2450 477 2532 affluentia,
506 2457 541 2516 at
569 2457 655 2517 certe
679 2451 903 2517 Professorum
923 2453 1105 2519 eruditione
1127 2461 1161 2519 et
1184 2455 1370 2521 celebritate

292 2564 404 2630 florere
429 2570 552 2649 pergat.
1023 2571 1025 2574 ’

337 2677 365 2741 Ε
390 2677 555 2743 studiosae
572 2676 758 2761 juventutis
783 2678 952 2745 ordinibus
976 2702 1042 2745 non
1058 2681 1118 2746 hoc
1140 2682 1270 2748 demum
1287 2690 1370 2750 tem·

291 2813 368 2878 pore
399 2792 522 2884 migro,
555 2814 627 2857 cum
653 2791 709 2857 ille
733 2813 793 2878 ego
817 2794 873 2879 qui
900 2816 1003 2880 nuper
1025 2796 1111 2862 inter
1135 2797 1296 2863 discentes
1321 2821 1370 2864 se-

292 2909 408 2974 debam
442 2929 529 2972 nunc
558 2907 627 2991 jam
663 2927 720 2991 per
752 2907 878 2993 aliquot
909 2930 1037 2974 menses
1061 2910 1094 2973 in
1120 2910 1263 2976 docendo
1287 2911 1370 2978 vires

293 3043 381 3086 meas
401 3021 565 3106 experiar.
615 3021 686 3085 Hac
711 3029 822 3087 tamen
850 3030 922 3089 utor
955 3024 1199 3110 opportunitate
1220 3032 1258 3090 ut
1279 3026 1370 3092 vobis

293 3134 489 3218 valedicam,
515 3135 668 3200 amiciet
692 3135 839 3219 sodales,
865 3158 1002 3222 quorum
1027 3137 1154 3203 dulcem
1180 3159 1271 3204 servo
1303 3161 1371 3204 me-

295 3270 368 3312 cum
387 3247 659 3324 recordationem3
675 3248 776 3313 vivite
791 3248 902 3315 felices
919 3272 1077 3316 memores
1094 3257 1126 3316 ct
1142 3251 1242 3317 vivite
1257 3252 1368 3317 nostri.

424 3409 516 3473 Scripsi
533 3411 728 3460 Amstelaedami
747 3422 854 3460 exeunte
936 3397 939 3402 ¹

329 3527 334 3534 ·
358 3494 450 3548 'meuse
468 3500 562 3548 Martio
579 3502 638 3549 anui
655 3491 903 3551 Mucccnxxvl.
