3216 5154
794 423 835 484 43

321 604 408 668 Num
433 609 519 688 recte
538 603 721 689 judicavit?
767 605 929 692 Equidem
954 604 1116 670 affirmare
1139 624 1203 669 non
1226 607 1352 690 dubit0,

276 739 377 803 quum
409 739 540 783 causam
575 718 643 804 ejus
676 722 930 806 πολυμηχααίας,
962 725 1000 785 ut
1030 720 1117 804 dixi,
1146 726 1291 805 repetam
1314 743 1353 784 ex

275 830 396 916 poetici
430 832 553 898 ardoris
577 834 737 919 segnitie.
788 834 827 898 ln
871 833 951 899 duas
986 841 1096 900 autem
1129 839 1238 919 partes
1272 833 1355 899 mihi

275 944 404 1011 videtur
438 946 607 1010 commode
641 945 744 1010 dividi
776 967 873 1030 posse
906 947 988 1012 haec.
1019 947 1197 1012 accusatio:
1237 969 1353 1032 nempe

275 1059 369 1122 nimis
391 1056 490 1126 multo
513 1058 676 1124 invenisse
700 1058 910 1144 Euripidem,
936 1067 969 1125 et
992 1064 1085 1126 nimis
1108 1060 1229 1127 collide.

383 1422 398 1503 ξ
424 1425 454 1487 2.
502 1423 555 1491 De
578 1424 707 1488 crimine
728 1426 914 1488 inventionis
936 1427 1029 1490 nimis
1051 1422 1245 1509 multiplicia.

318 1625 372 1689 Ad
404 1625 494 1710 prius
529 1623 647 1688 vitium
670 1645 734 1688 non
758 1623 807 1689 ita
830 1631 940 1710 aperte
964 1622 1082 1691 alludit
1106 1626 1352 1710 Aristophanae,

274 1739 423 1804 uecenim
448 1737 525 1803 inde
550 1744 618 1802 tam
645 1744 757 1823 aptam
779 1744 907 1824 poterat
928 1737 1077 1824 jocorum
1104 1740 1273 1805 materiem
1297 1741 1353 1804 de-

274 1874 400 1918 sumere
434 1872 533 1938 quam
567 1873 608 1917 ex
639 1852 784 1917 inventis
816 1852 915 1918 nimis
949 1852 1086 1936 callidis.
1136 1854 1211 1918 Non
1243 1861 1353 1919 tamen

274 1965 388 2032 dubito
409 1965 488 2051 quin
511 1964 546 2029 in
569 1965 799 2052 πολυμηχανίᾳ
823 1965 1002 2051 Euripidae
1024 1988 1090 2031 non
1108 1966 1217 2033 minus
1235 1966 1353 2032 immo-

202 2153 205 2157 ,
274 2079 380 2145 dicam
404 2101 512 2144 rerum
541 2083 753 2145 tractatarum
778 2079 906 2165 copiam
931 2079 983 2164 (τὸ
1005 2080 1108 2167 πολύ)
1133 2103 1230 2166 quam
1255 2083 1353 2148 nimis
1442 2095 1445 2099 '

273 2194 364 2259 vafra
386 2193 587 2258 inventionis
612 2193 751 2259 artificia
774 2192 825 2280 (τὸ
846 2193 1065 2281 μηχανᾶσθαι)
1083 2198 1269 2280 respexerit.
1293 2199 1354 2262 Vi-

273 2309 407 2374 deamus
431 2307 534 2394 igitur
557 2309 720 2395 quomodo
736 2302 938 2375 abundantia
952 2311 1109 2376 materiae
1122 2312 1354 2398 vituperationi

271 2421 376 2507 possit
398 2443 468 2486 esse
491 2421 640 2487 obnoxia.

317 2535 386 2600 Lex
406 2553 503 2620 ¹quae
532 2537 640 2621 poscit
670 2535 704 2599 in
729 2535 808 2600 artis
832 2554 927 2620 opere
951 2535 1112 2601 unitatem
1136 2542 1170 2602 et
1193 2538 1352 2625 simplici-

272 2654 395 2733 tatem,
432 2669 497 2713 non
531 2649 717 2734 excogitata
751 2655 801 2713 cst
824 2648 865 2713 ab
891 2647 1072 2714 Aristotele
1096 2649 1203 2716 aliove
1225 2652 1348 2733 critica

252 2761 328 2828 'sed
359 2768 430 2829 orta
454 2760 502 2829 *ex
536 2763 609 2849 ipsa
640 2785 747 2828 rerum
780 2770 904 2828 natura.
954 2763 1007 2828 Ita
1029 2763 1202 2842 constituti
1226 2788 1350 2852 sumus,

272 2884 397 2944 utnon
421 2879 502 2943 duas
529 2900 579 2944 res
604 2877 703 2946 simul
726 2883 784 2942 aut
807 2877 957 2944 sensibus
981 2877 1145 2963 percipere
1168 2885 1226 2944 aut
1241 2881 1350 2946 animo

271 2993 437 3058 attendere
468 2993 641 3079 possimus.
692 2991 728 3066 si
758 2993 853 3077 plura
885 2991 998 3056 eodem
1023 2996 1168 3078 tempore
1191 3000 1270 3059 sunt
1293 2996 1375 3078 obss·

271 3089 440 3189 servanda,
465 3105 573 3190 imago
597 3127 704 3170 rerum
729 3126 763 3169 se
787 3103 900 3170 offeret
924 3102 1034 3170 minus
1047 3104 1205 3171 distincta
1217 3107 1350 3194 ideoque

271 3218 374 3285 levius
398 3224 542 3284 mentem
567 3223 689 3304 tanget.
717 3217 882 3285 Gallicum
906 3218 1125 3302 proverbium,
1149 3221 1236 3305 quod
1251 3230 1351 3308 negat

271 3338 303 3397 te
326 3333 407 3398 bene
431 3338 540 3408 tenere
563 3352 645 3416 quae
669 3330 772 3396 nimia
795 3317 1038 3416 complectaris,
1064 3354 1130 3398 non
1152 3333 1192 3398 de
1210 3333 1349 3402 brachiis

270 3451 400 3512 tantum
434 3439 539 3527 vlet,
571 3445 629 3509 sed
652 3446 692 3508 de
715 3444 825 3508 animo
848 3443 992 3528 perinde.
1044 3443 1133 3512 Hinc
1156 3445 1194 3512 fit
1218 3453 1256 3512 ut
1279 3449 1350 3515 sine

187 3573 190 3580 '
270 3561 397 3626 unitate
418 3559 523 3625 'absit
558 3555 779 3643 pulchritudo.
827 3557 894 3622 Vos
929 3561 1042 3640 testor,
1078 3558 1157 3624 artis
1193 3561 1349 3646 Apelleae

270 3675 418 3741 cultores.
468 3672 588 3738 Nonne
621 3671 654 3734 in
690 3669 835 3754 picturae
860 3670 1096 3754 compositione
1119 3672 1154 3736 id
1177 3674 1287 3759 agitis,
1312 3684 1349 3741 ut

269 3811 335 3855 una
357 3788 515 3875 quaedam
539 3785 644 3870 figura
667 3784 719 3848 vel
742 3783 920 3870 figurarum
944 3785 1091 3851 collectio
1108 3787 1347 3874 caeterisprae·

269 3902 392 3967 mineat
416 3911 449 3967 et
472 3900 566 3986 quasi
588 3897 785 3980 dominetur,
811 3898 858 3962 ita
881 3904 918 3962 ut
940 3897 1045 3982 primo
1069 3920 1104 3964 se
1133 3899 1251 3965 obtutu
1275 3922 1347 3986 spe·

269 4015 428 4080 stantium
464 4013 566 4079 oculis
598 4013 732 4077 offerat?
780 4011 900 4096 Ecquis
936 4020 1080 4076 vestrum
1115 4013 1230 4098 pinget
1253 4013 1346 4079 binas

269 4131 395 4194 arbores
431 4151 530 4214 aeque
561 4149 726 4212 proceras,
760 4125 895 4204 alteram
929 4149 948 4190 a
982 4127 1112 4209 dextra,
1154 4127 1289 4192 alteram
1328 4153 1347 4191 a

269 4243 418 4326 sinistra,
443 4248 501 4308 aut
524 4243 640 4328 longae
663 4242 791 4327 plateae
815 4239 1014 4310 sibiomnes
1039 4241 1152 4305 domos
1177 4242 1345 4308 delinean-

269 4356 326 4422 das
348 4357 467 4442 eliget?
516 4357 621 4422 Immo
646 4357 680 4420 in
705 4354 864 4420 anteriore
887 4353 1016 4419 tabulae
1040 4362 1132 4438 parte
1156 4361 1345 4441 pauoatan-

269 4470 358 4553 tum‘,
383 4471 439 4535 sed
463 4494 499 4536 ea
523 4470 650 4553 vivida,
677 4468 841 4534 elaborata
864 4471 897 4531 et
923 4466 1007 4531 inter
1031 4489 1064 4531 se
1084 4467 1200 4551 juncta
1212 4472 1342 4555 conspi-
