3216 5154
770 427 788 490 3
1171 403 1182 444 d

241 608 397 696 partium,
433 627 569 695 quorum
602 601 661 674 hae
685 614 832 691 servant,
866 609 943 675 illae
977 617 1126 690 mutant;
1152 613 1211 679 hae
1235 621 1312 681 nota

241 721 383 797 tuentur,
425 713 501 778 illae
535 713 648 798 ignota
682 719 817 797 petunt3
853 713 913 777 hae
938 714 1187 799 auctoritatem,
1217 740 1313 804 saepe

240 817 411 900 serviliter,
441 816 624 898 vindicant,
659 816 735 881 illae
757 816 959 900 libertatem,
992 839 1126 904 eamque
1154 841 1220 884 non
1243 843 1314 885 raro

241 921 410 1004 effrenem,
436 956 477 968 -
502 921 615 985 harum
638 920 741 1006 igitur
766 921 913 1005 partium
929 921 1039 986 studia
1054 929 1168 988 mutuo
1179 945 1214 989 se
1225 945 1313 989 com·

241 1025 333 1110 plent
367 1031 404 1089 ut
438 1024 520 1089 arsis
553 1030 587 1089 et
619 1025 737 1108 thesis,
769 1031 807 1089 ut
838 1025 921 1089 duae
942 1026 1056 1091 lances
1080 1049 1160 1112 quas
1184 1029 1315 1114 copulat

236 1128 371 1213 jugum,
396 1132 434 1192 ut
455 1126 587 1212 nigrum
611 1127 785 1212 albumque
795 1176 804 1211 ,
829 1134 862 1192 et
879 1129 1088 1214 quaecunque
1102 1130 1167 1194 alia
1180 1130 1265 1196 iuter
1281 1154 1315 1196 se

242 1230 392 1314 opposita
432 1235 466 1294 et
510 1236 620 1295 tamen
659 1229 723 1294 sibi
754 1230 894 1316 invicem
927 1232 1108 1297 necessaria
1149 1233 1316 1298 nominare

241 1353 379 1417 possem.
416 1332 490 1398 Non
514 1338 615 1398 staret
638 1331 798 1417 mundus,
824 1354 864 1398 ne
887 1355 1058 1418 perunum
1072 1335 1202 1420 quidem
1214 1335 1313 1416 diem,

178 1422 182 1431 ¹
242 1435 306 1500 nisi
336 1435 386 1500 vis
419 1436 644 1522 centrifugalis
678 1442 943 1520 compensaretur
974 1436 1007 1500 vi
1030 1438 1224 1523 centripeta:
1250 1460 1315 1503 non

158 1595 160 1602 ,
242 1538 390 1604 homines
414 1561 488 1604 vere
511 1540 659 1604 homines
676 1544 804 1621 essent,
821 1539 888 1604 nisi
903 1539 1067 1606 sentiendi
1084 1541 1203 1606 rationi
1219 1563 1314 1627 quam

243 1641 408 1707 liberalem
432 1643 483 1707 vel
506 1643 680 1708 radicalem
704 1646 758 1726 (ut
772 1643 937 1708 vocabulis
953 1649 1026 1709 utar
1044 1665 1160 1729 parum
1172 1644 1315 1730 Latinis)

243 1744 405 1830 appellare
434 1746 575 1812 solemus
600 1745 722 1811 sociata
745 1751 830 1810 esset
859 1746 961 1811 altera
984 1768 1021 1812 ea
1044 1768 1140 1832 quam
1165 1768 1315 1812 vocamus

219 1848 456 1914 ,orthodoxam
480 1849 531 1914 vel
555 1847 819 1914 conservativam.

290 1950 451 2038 Quicquid
473 1951 507 2016 id
524 1957 589 2033 est,
607 1972 721 2036 operae
737 1973 814 2015 sane
827 1953 968 2036 pretium
979 1953 1107 2018 videtur
1120 1974 1161 2017 ex
1172 1952 1317 2038 priorum

243 2076 395 2122 aevorum
426 2054 572 2140 reliquiis
606 2053 757 2119 literariis
783 2041 969 2138 ostehdere,
994 2056 1176 2141 antiquitus
1199 2055 1316 2120 iisdem

245 2182 282 2226 ac
305 2159 401 2223 hodie
424 2158 574 2243 procellis
597 2163 723 2223 mentes
748 2158 907 2224 humanas
926 2159 1028 2224 fuisse
1042 2159 1197 2244 jactatas3
1214 2179 1318 2244 neque

246 2263 367 2328 incolas
401 2261 589 2343 civitatum,
625 2283 706 2347 quae
739 2267 815 2326 ante
838 2263 944 2328 multa
966 2263 1095 2328 saecula
1118 2263 1159 2327 ad
1184 2262 1316 2327 llissum

247 2367 298 2431 vel
329 2364 370 2430 ad
393 2363 532 2429 Tiberim
562 2363 713 2446 floruere,
745 2371 914 2451 tantopere
937 2388 957 2430 a
980 2365 1074 2430 nobis
1100 2365 1316 2450 discrepasse,

187 2505 189 2511 ·
244 2469 301 2534 sed
318 2467 477 2533 habuisse
501 2467 612 2531 eadem
638 2467 762 2549 studia,
793 2468 827 2531 in
851 2469 982 2533 eosdem
1005 2489 1125 2532 errores
1149 2466 1317 2547 incidisse,

246 2572 359 2637 eadem
383 2568 564 2635 exercuisse
587 2569 668 2634 odia.
733 2655 736 2664 .

289 2675 329 2739 Id
357 2673 522 2739 luculento
555 2672 695 2758 quodam
723 2672 872 2756 exemplo
895 2673 1117 2738 demonstrare
1140 2673 1222 2737 mihi
1242 2693 1316 2756 pro-

246 2777 340 2862 posui
363 2799 403 2842 ex
427 2776 531 2842 literis
556 2775 687 2842 Graecis
711 2776 822 2861 petito.
864 2775 951 2840 Nota
974 2782 1025 2841 est
1047 2775 1222 2841 inimicitia
1234 2797 1316 2860 quae

246 2880 429 2946 intercessit
458 2879 543 2944 inter
576 2879 831 2964 Aristophanem
861 2890 894 2942 et
928 2878 1141 2965 Euripidem
1166 2879 1318 2943 sedtum

244 2985 376 3050 demum
400 2983 497 3069 plane
521 2983 664 3068 intelligi
687 2988 721 3047 et
743 2988 827 3047 reete
845 2982 988 3067 judicari
1011 2983 1093 3048 mihi
1117 3004 1212 3068 posse
1228 2983 1317 3048 vide-

247 3093 311 3171 tur,
343 3108 417 3152 oum
447 3086 513 3151 late
544 3085 839 3169 circumspicimus,
876 3106 940 3149 non
975 3086 1082 3151 solum
1106 3086 1260 3171 temporis
1284 3096 1318 3150 et

247 3191 360 3276 populi
393 3190 506 3255 habita
540 3189 683 3271 ratione,
719 3187 774 3253 sed
805 3188 908 3253 retiam
943 3189 1054 3275 legum
1093 3190 1318 3255 universarum

248 3295 364 3381 quibus
388 3298 514 3358 mentes
539 3291 727 3357 mortalium
743 3299 776 3356 et
792 3292 935 3356 humana
950 3300 1067 3358 cuneta
1083 3293 1317 3378 obtemperant

250 3400 285 3465 Si
317 3399 398 3464 bene
427 3397 604 3480 intuemur,
637 3397 844 3482 agnoscimus
879 3398 1112 3483 antesignanos
1145 3397 1319 3462 earundem

247 3524 347 3588 prope
368 3500 550 3566 factionum
573 3505 606 3565 et
628 3499 838 3584 opinionum,
862 3522 944 3586 quae
962 3522 1019 3586 per
1034 3506 1138 3566 totam
1150 3499 1318 3566 historiam

249 3612 327 3670 sunt
349 3604 482 3687 obviae,
511 3625 570 3668 neo
594 3602 688 3667 valde
714 3601 877 3668 diversum
901 3603 955 3689 agi
978 3604 1102 3669 bellum
1123 3610 1256 3690 apparet
1280 3603 1320 3669 ab

249 3730 301 3791 eo,
334 3707 420 3794 quod
447 3707 568 3772 nostris·
601 3706 800 3790 temporibus
823 3707 1038 3773 multifariam
1064 3715 1210 3774 aestuare
1229 3707 1320 3773 vide-

249 3833 341 3876 mus:
362 3831 482 3875 novum
508 3809 593 3874 iuter
614 3816 647 3874 et
669 3808 851 3894 antiquum.
892 3809 1069 3896 Utriusque
1093 3816 1208 3896 poetae
1227 3811 1320 3896 inge-

250 3916 341 3979 nium
363 3922 396 3978 et
418 3913 528 3978 studia
551 3933 616 3976 non
639 3917 778 3997 possunt
799 3913 953 3998 explicari
976 3913 1041 3980 nisi
1064 3936 1105 3980 ex
1127 3914 1322 3980 oohlooratia

250 4017 379 4098 Attica,
400 4036 482 4100 quae
506 4035 615 4079 eorum
640 4020 746 4079 aetate
768 4015 944 4099 gliscebat:
969 4016 1047 4081 haec
1070 4025 1244 4102 utrumque
1263 4037 1320 4102 ge·

251 4120 341 4201 nuit,
364 4140 469 4203 neque
490 4139 567 4183 sane
589 4117 724 4183 fortuito
746 4118 853 4183 evenit
877 4127 916 4183 ut
937 4119 1024 4184 idem
1049 4118 1203 4204 temporis
1226 4119 1321 4184 breve

252 4222 396 4306 spatium
423 4219 521 4286 ferret
543 4229 618 4285 cum
644 4220 842 4306 tragoediam
867 4221 1077 4307 Euripideum
1100 4227 1170 4286 tum
1191 4221 1320 4287 Aristo-

250 4324 367 4410 phanis
390 4323 588 4389 comoediam
612 4328 767 4401 veterem3
789 4323 845 4388 sed
867 4323 979 4389 eadem
992 4324 1320 4408 vis,eorumsaeculo

252 4428 362 4512 insita,
388 4449 469 4512 quae
493 4426 683 4512 Euripidem
707 4427 846 4512 protulit
863 4427 903 4491 -in
927 4427 1047 4511 lucem,
1073 4421 1221 4494 ut‘verba
1235 4429 1320 4495 face-

1147 4535 1163 4594 1
1173 4533 1189 4566 ἢ
