3222 5170
695 971 870 1101 aaron
895 1024 946 1098 X.

282 1249 332 1319 DE¹
351 1245 496 1292 PARODIA
518 1244 671 1291 Locorum
695 1244 949 1291 EURIPIDEORUM
978 1246 1068 1291 APUD
1094 1240 1356 1292 ABISTOPHANEM.
1420 1217 1423 1223 ¹

746 1417 912 1431 vvwvvvvvx-

331 1571 416 1636 Loca
449 1590 490 1636 ex
526 1545 756 1655 Aristophanis
792 1567 983 1651 comoediis,
1011 1567 1096 1633 unde
1120 1567 1198 1654 quid
1223 1564 1361 1632 senserit

287 1685 326 1750 de
349 1683 506 1769 Euripide
529 1679 580 1748 vel
603 1687 745 1768 apparet·
760 1682 812 1747 vel
835 1681 1073 1768 quodammodo
1096 1678 1208 1765 colligi
1230 1685 1359 1765 potest,

225 1843 228 1849 -
287 1819 381 1880 nuno
397 1794 506 1861 omnia
528 1795 594 1860 fere
610 1817 630 1860 a
645 1816 697 1860 me
712 1799 963 1862 commemorata
977 1799 1067 1878 puto.
1095 1792 1181 1858 Sunt
1197 1796 1362 1878 praeterea

287 1908 450 1995 permulta
483 1908 548 1974 alia
581 1908 638 1973 ubi
673 1908 715 1972 ad
749 1906 942 1992 Euripideos
976 1925 1087 1971 versus
1126 1905 1284 1970 alluditur
1304 1923 1362 1988 per

287 2022 463 2107 parodiam.
488 2022 566 2088 dam
589 2042 664 2086 vero
687 2021 867 2086 cavendum
890 2027 941 2086 est
966 2042 1006 2083 ue
1029 2019 1064 2083 in
1088 2018 1220 2104 parodia
1236 2039 1362 2102 semper

288 2136 396 2201 inesse
420 2135 692 2221 vituperationem
715 2135 959 2211 existimemus3
985 2154 1133 2222 egenen
1156 2133 1270 2198 dubito
1283 2132 1360 2217 quin

236 2257 240 2266 ’
290 2271 330 2314 ex
353 2248 520 2333 Euripidis
545 2248 690 2314 versibus
708 2269 787 2334 quos
807 2247 843 2312 in
858 2247 1032 2312 ridiculum
1047 2245 1184 2312 detorsit
1198 2244 1361 2311 comicus¹

289 2362 411 2426 multos
435 2384 498 2427 non
515 2362 621 2448 magis
636 2361 771 2427 vitiosos
786 2359 937 2426 habuerit
952 2381 1049 2445 quam
1067 2359 1273 2424 Homericam
1284 2379 1311 2422 e.
1328 2379 1360 2442 g.

281 2474 509 2540 ‘narrationem
543 2474 583 2540 de
606 2473 716 2541 Ulixis
748 2473 828 2558 fuga
857 2495 898 2537 ex
920 2481 1013 2537 antro
1037 2472 1247 2558 Polyphemi,
1271 2469 1363 2555 cujus

289 2590 395 2656 faceta
428 2587 568 2653 imitatio
603 2587 768 2670 invenitur
802 2587 984 2672 Vesperum
1017 2609 1064 2652 vs.
1093 2588 1282 2663 179-1863
1307 2591 1365 2650 aut

291 2700 450 2768 Herodoti
473 2700 639 2766 Persicum
663 2701 787 2766 bellum
809 2698 1004 2785 descripturi
1026 2685 1279 2786 praefationem,
1306 2698 1365 2762 ubi

290 2821 496 2882 recensentur
530 2838 645 2883 causae
681 2816 746 2882 odii
780 2815 864 2882 inter
898 2815 1061 2899 Europam
1099 2814 1277 2900 Asiamque
1300 2798 1363 2878 fer·

291 2928 416 3012 ventis,
446 2917 488 2994 ad
517 2951 614 3015 quam
645 2929 772 2995 effictus
804 2936 854 2995 est
880 2927 1035 3014 jocularis
1065 2927 1121 2992 ille
1144 2927 1301 3012 apologus
1325 2926 1365 2990 de

291 3040 415 3126 origine
437 3041 517 3106 belli
541 3042 825 3127 Peloponnesiaci,
852 3041 907 3127 qui
931 3040 1051 3125 legitur
1074 3040 1214 3104 Acharn.
1231 3061 1277 3104 vs.
1299 3041 1364 3104 524

292 3176 361 3239 sqq.
379 3154 400 3218 ².
444 3154 530 3234 Quin
553 3154 715 3220 interdum
740 3154 774 3218 in
798 3154 952 3220 honorem
975 3154 1084 3239 potius
1108 3173 1205 3237 quam
1229 3151 1264 3216 in
1288 3172 1366 3217 con-

292 3263 461 3333 tumeliam
495 3266 682 3353 accipienda
714 3272 764 3332 est
796 3266 938 3352 parodia.
986 3265 1080 3330 Certe
1106 3265 1248 3348 tragicus
1271 3285 1365 3350 aegre

292 3380 374 3445 ferre
408 3401 473 3446 non
506 3380 632 3466 potuit,
668 3379 754 3465 quod
788 3379 1043 3464 Aristophanes,
1068 3377 1124 3442 ubi
1148 3377 1262 3442 multis
1281 3377 1365 3461 jocis

293 3494 411 3559 solutis
447 3493 530 3559 seria
552 3493 682 3575 miscet,
713 3493 755 3557 ad
777 3512 889 3576 pacem
914 3490 1112 3557 suadendam
1137 3490 1290 3576 (Lysistr.
1317 3511 1364 3554 vs.

296 3609 529 3695 lise-1135)
564 3614 708 3673 uteretur
739 3605 845 3671 verbis
870 3627 908 3670 ex
934 3605 1101 3690 Euripidis
1125 3605 1310 3690 Melanippe
1333 3611 1366 3668 et
1464 3629 1467 3636 ¹

295 3721 476 3787 Erechtheo
499 3720 667 3785 desumtis.

340 3835 417 3919 Ipsa
448 3841 557 3902 autem
593 3834 728 3919 parodia
759 3841 837 3919 apta
870 3841 920 3899 est
953 3833 994 3898 ad
1025 3832 1129 3898 risum
1156 3832 1362 3898 movendum.

329 4045 336 4080 ¹
355 4047 472 4111 Exempli
495 4048 549 4098 loco
573 4048 712 4097 nominasse
732 4047 839 4098 sufficiat
859 4047 989 4111 pulchrum
1010 4045 1071 4094 illud
1092 4044 1221 4094 Phaedrae
1238 4043 1368 4100 cauticum,

294 4137 348 4184 veri
371 4137 500 4200 tenerique
524 4137 625 4188 affectus
649 4138 762 4202 plenum,
787 4137 851 4201 quod
870 4137 980 4186 imitatur
1001 4135 1028 4183 in
1043 4133 1136 4198 Vespis
1152 4147 1229 4182 senex
1244 4132 1336 4182 delirus
1352 4147 1368 4180 a

291 4225 449 4289 judicialibus
465 4227 585 4277 subselliis
602 4227 711 4277 seclusus

327 4315 338 4347 ²
354 4317 416 4366 Alia
433 4317 480 4365 loci
497 4317 630 4366 Herodotei
647 4319 748 4380 parodia
764 4314 870 4364 occurrit
886 4314 912 4362 in
929 4313 1040 4370 Avibus,
1056 4311 1099 4361 ubi
1118 4311 1144 4359 in
1160 4311 1299 4359 enodanda
1314 4311 1367 4359 Nu·

295 4406 449 4456 bilicuculiae
465 4412 588 4456 structura
604 4405 734 4469 respicitur
750 4412 811 4454 nota
827 4403 957 4468 descriptio
974 4416 1101 4452 murorum
1109 4399 1367 4464 Babyloniorum,re·

295 4495 358 4544 ferta
374 4496 494 4545 monsurIs
510 4496 674 4546 adamussim
690 4494 806 4545 delinitis.
