3216 5154
780 371 822 440 45

265 553 329 617 ista
345 552 451 616 'animi
471 552 502 616 vi
525 551 735 638 procreatrice
761 574 843 638 quae
866 552 1021 618 fecundat
1045 552 1171 617 semina
1195 558 1340 637 recepta3

265 688 330 731 non
363 671 482 731 texunt
511 666 569 731 sed
600 673 781 749 consuunt,
809 688 873 731 nou
891 665 1108 732 'faciunt-sed
1130 675 1341 752 componunt,

264 802 329 846 non
355 802 395 845 ex
417 801 482 845 uno
507 779 667 864 principio
687 780 853 846 deducunt
870 779 974 845 varias
988 785 1114 865 partes,
1131 781 1187 845 sed
1199 779 1342 846 diversas

265 898 373 980 partes
404 892 480 958 hinc
507 893 599 958 illine
625 901 787 978 correptas
823 894 856 957 in
891 916 992 959 unum
1018 893 1245 980 conglutinare
1269 903 1340 959 stu-

265 1006 360 1089 dent,
396 1011 429 1071 et
460 1011 499 1070 ut
532 1005 639 1071 multa
677 1005 842 1091 proferant
878 1007 984 1072 multa
1022 1008 1123 1073 etiam
1159 1008 1343 1093 acceperint

263 1139 394 1183 necesse
417 1126 476 1184 est.
1075 1111 1078 1116 ⁸

309 1230 486 1316 Tragoedia
516 1252 590 1296 vero
621 1253 698 1316 prae
725 1232 858 1318 reliquis
892 1233 999 1317 poesis
1034 1234 1207 1319 generibus
1238 1235 1344 1320 poscit

264 1344 404 1429 simplex
428 1352 667 1430 argumentum.
717 1345 788 1425 Quo
813 1349 987 1431 “potenter
1010 1347 1129 1432 lect-0”,
1156 1370 1222 1413 non
1246 1349 1344 1414 verba

264 1457 359 1523 modo
393 1479 457 1521 non
492 1457 597 1521 invita
632 1463 825 1542 sequentur,
860 1459 917 1523 sed
951 1467 1022 1523 tota
1051 1459 1182 1526 fabulae
1214 1469 1344 1528 textura

264 1572 386 1638 sensim
410 1572 546 1637 ducetur
569 1570 639 1637 sine
662 1571 826 1654 hiatibus,
851 1578 885 1637 et
905 1593 971 1637 non
990 1593 1071 1658 opus
1087 1574 1148 1639 erit
1159 1583 1196 1640 ut
1210 1576 1343 1641 aliunde

264 1693 417 1770 petantur
447 1685 569 1767 fulcra,
601 1684 719 1770 quibus
755 1685 821 1750 tela
859 1685 1104 1770 compositionis
1139 1694 1340 1755 annectatur.

263 1799 376 1886 Neque
399 1798 543 1885 profecto
566 1799 645 1864 artis
670 1807 720 1864 est
741 1799 942 1882 reconditae,
967 1821 1042 1864 cum
1065 1800 1135 1885 ipse
1147 1807 1244 1886 poeta
1255 1803 1343 1868 norit

189 1895 190 1898 Ἴ
264 1934 418 1998 quorsum
456 1913 566 1978 omnia
602 1913 669 1978 sint
702 1935 851 1996 evasura,
888 1913 1034 1979 invenire
1069 1914 1228 1980 nonnulla
1261 1937 1343 2000 quae

264 2028 367 2093 exitui
391 2028 612 2114 praeparando
636 2027 831 2105 inserviant;
855 2027 1050 2093 facillimum
1070 2050 1145 2094 vero
1167 2039 1217 2095 ast
1238 2029 1343 2095 multa

265 2143 335 2208 sine
366 2141 553 2208 discrimine
577 2143 610 2206 in
633 2142 778 2209 fabulam
804 2164 976 2233 congerere
1001 2144 1116 2209 etheo
1142 2143 1215 2229 ipsa
1237 2127 1341 2210 varie-

265 2263 333 2322 tate
365 2256 508 2322 detinere
540 2261 759 2341 spectatorum
792 2255 943 2322 animos..
979 2257 1042 2322 Sed
1069 2256 1149 2322 talia
1172 2257 1343 2323 commoda

265 2377 298 2436 et
319 2369 508 2455 adjumenta
532 2390 626 2434 verus
651 2368 794 2454 tragicus
820 2376 1024 2447 contemnet3
1050 2391 1259 2455 quaeeunque
1275 2391 1341 2435 non

265 2506 306 2550 ex
329 2483 402 2570 ipso
425 2488 618 2569 argumento
641 2482 848 2548 efflorescunt
874 2504 968 2568 aegre
991 2483 1155 2566 admittet,
1181 2492 1214 2548 et
1237 2485 1265 2550 si
1289 2484 1339 2549 in-

266 2598 393 2664 terdurn
426 2596 572 2681 episodia
604 2618 685 2681 quae
715 2596 887 2680 dicuntur,
912 2596 969 2661 ubi
992 2604 1068 2682 apte
1090 2598 1240 2663 collocari
1264 2620 1340 2683 pos·

266 2720 362 2795 sunt,
386 2711 517 2776 fabulae
540 2711 733 2775 intertexere
756 2731 821 2774 non
845 2710 1051 2796 dedignatur,
1071 2733 1112 2776 ne
1127 2717 1197 2776 tum
1208 2710 1339 2797 quidem

265 2825 473 2891 obliviscetur
490 2825 605 2910 legis,
646 2846 727 2910 quae
760 2824 790 2889 ei
824 2830 937 2890 sancta
971 2831 1040 2908 est,
1072 2824 1277 2909 simplicitati
1307 2833 1340 2891 et

265 2939 386 3004 unitati
408 2938 513 3024 operis
538 2946 614 3004 ante
637 2939 747 3004 omnia
770 2939 938 3004 consulere
958 2938 1114 3024 jubentis.

311 3052 418 3131 Quum
450 3060 560 3118 autem
591 3052 641 3118 vis
672 3052 731 3118 illa
761 3051 920 3118 divinitus
944 3053 1083 3119 creatrix
1106 3075 1171 3118 non
1188 3075 1340 3119 concessa

265 3165 364 3229 fuerit
395 3164 564 3250 Euripidi,
600 3186 665 3230 non
691 3165 811 3230 mirum
835 3171 886 3230 est
908 3164 957 3250 si,
982 3186 1217 3252 nonnunquam
1241 3172 1338 3250 certe,

266 3277 382 3344 incidit
413 3279 446 3343 in
478 3300 514 3343 ea
551 3300 633 3365 quae
657 3278 798 3343 indicavi
822 3276 904 3342 vitia
927 3283 976 3360 et,
1001 3276 1214 3362 simplicitate
1237 3279 1339 3365 tra-gi-

265 3413 375 3458 cornm
407 3399 674 3477 argumentorum
696 3390 827 3474 relicta,
853 3390 887 3454 in
912 3391 1131 3476 compluribus
1154 3390 1276 3457 sabulis
1298 3393 1340 3457 ad

266 3506 375 3571 minus
399 3526 543 3571 severam
567 3504 752 3571 comoediae
775 3497 972 3569 structuram
996 3504 1141 3570 accessit.
1181 3505 1256 3570 Non
1270 3511 1338 3570 tam

264 3619 432 3705 gregarius
465 3625 573 3684 tamen
596 3625 666 3685 erat
688 3623 800 3703 poeta,
826 3616 907 3702 quin
930 3637 948 3682 e
971 3616 1114 3702 simplici
1138 3639 1265 3704 quoque
1288 3641 1339 3682 ar·

264 3738 422 3817 gumento
446 3730 589 3818 potuerit
616 3731 730 3796 ducere
753 3729 885 3814 plenam
910 3728 996 3795 succi
1021 3751 1256 3815 nervorumque
1273 3739 1338 3796 tra-

264 3844 433 3930 goediam:
465 3849 565 3909 testes
594 3849 671 3908 sunt
702 3841 849 3929 egregiae
884 3842 960 3908 illae
983 3819 1113 3908 iabulae
1137 3844 1339 3930 Hippolytus

265 3969 298 4024 et
320 3960 436 4025 Medea
453 3969 472 4023 ¹.
523 3957 586 4023 Sed
616 3963 724 4022 tamen
747 3956 875 4040 saepius
904 3955 937 4019 in
962 3977 999 4020 ea
1023 3978 1057 4021 re
1081 3956 1192 4042 lapsus
1217 3967 1278 4040 est,
1302 3969 1340 4024 ut

299 4164 307 4196 ¹
340 4167 382 4215 Ex
407 4165 452 4213 huc
477 4174 559 4211 tamen
583 4163 668 4212 abesse
694 4161 794 4209 mallem
821 4159 881 4208 illud
905 4160 1038 4222 epicadium
1058 4175 1135 4224 paene
1160 4160 1282 4211 ludicrum
1309 4165 1340 4212 de

265 4255 361 4317 Aegeo.
394 4255 482 4316 Neque
508 4251 581 4300 aliter
600 4250 694 4314 judicat
719 4239 887 4298 Bernhardius
913 4264 969 4312 pag.
991 4250 1050 4297 455:
1070 4250 1129 4299 “das
1145 4249 1273 4314 Gesprucn
1291 4257 1339 4303 und

266 4344 325 4391 “der
350 4344 424 4391 Bnnd
449 4341 495 4391 mit
519 4343 622 4404 Aegeus
646 4341 680 4388 ist
704 4340 745 4390 ein
766 4339 857 4388 ebenso
877 4338 1060 4402 mangelhaites
1085 4340 1121 4388 als
1140 4341 1340 4406 iiberh'a'ngcndes

267 4432 357 4483 ‘'Glied
377 4435 420 4481 der
438 4431 614 4484 Oelrouomie.”
648 4429 686 4482 Cf.
705 4432 784 4482 Arist.
801 4438 866 4493 poet.
881 4430 921 4479 25.
