3216 5154
780 395 820 456 b'i

263 580 349 666 quod
373 602 392 645 a
415 580 581 645 communi
604 581 672 645 vita
695 580 828 644 omnino
853 579 1031 644 abhorreat.
1078 577 1239 662 Inprimis¹
1255 578 1339 643 male

263 693 403 760 feremus
437 695 465 763 'si
494 695 635 780 tragicae
659 703 815 779 personae
839 715 911 758 aere
935 692 1112 758 Dodonaeo
1135 693 1204 757 sint
1226 691 1339 778 loqua-

263 807 383 891 ciores,
414 808 690 894 quemadmodum
712 813 918 874 occursantes
942 804 1088 891 fugimus
1112 827 1193 891 quos
1218 805 1339 870 scimus

262 920 455 1006 garrulitate
478 944 537 988 sua
560 944 620 986 nos
644 927 822 987 erecturos.
861 919 935 984 Non
951 918 1066 1004 ignoro
1082 918 1230 1004 quidem,
1248 918 1339 982 Atti-

262 1055 316 1098 cos
340 1035 422 1100 alias
445 1036 533 1121 leges
550 1043 678 1101 secutos
700 1056 771 1100 esse
787 1032 821 1096 in
838 1031 1051 1097 aestimandis
1068 1030 1224 1096 dramatis
1242 1052 1339 1116 quam

262 1147 427 1214 hodiernis
451 1148 603 1234 operibus
627 1146 834 1228 adhibentur,
861 1166 965 1230 neque
980 1144 1164 1228 postulasse
1180 1154 1218 1209 ut
1228 1144 1339 1208 heroes

262 1283 279 1326 e
315 1261 518 1348 temporibus
553 1264 821 1346 Argonautarum
856 1264 889 1324 et
922 1257 1001 1323 belli
1033 1257 1161 1343 lhojani
1186 1257 1220 1321 in
1245 1279 1341 1322 scena

263 1375 315 1439 sui
343 1373 415 1440 aevi
438 1394 543 1438 mores
567 1355 739 1456 referrent,
764 1381 861 1460 atque
885 1396 1018 1460 prorsus
1041 1373 1137 1439 aliter
1159 1372 1341 1459 cogitarent

262 1495 296 1554 et
317 1488 527 1574 loquerentur
549 1509 646 1574 quam
663 1488 828 1574 scriptoris
844 1489 994 1574 aequales
1014 1491 1032 1553 ¹.
1062 1488 1200 1578 Sedhos
1214 1511 1341 1574 quoque

263 1623 346 1688 nego
378 1604 425 1668 ita
447 1603 573 1669 locutos
595 1624 668 1686 esse
692 1609 729 1668 ut
751 1625 907 1688 personas
932 1603 1136 1688 Euripideas.
1186 1603 1253 1669 Ubi
1276 1610 1341 1668 ter·

166 1795 168 1799 ’
262 1738 371 1781 rarum
394 1736 538 1802 unquam
561 1714 627 1780 fuit
649 1713 759 1800 puella
782 1737 864 1801 quae
889 1701 936 1780 ita
959 1715 1132 1788 dissereret
1155 1714 1196 1780 de
1215 1736 1340 1781 cosmo-

262 1829 377 1914 gonia,
411 1835 449 1894 ut
472 1827 570 1911 facit,
593 1828 795 1895 testantibus
819 1828 1013 1916 fragmentis
1038 1851 1121 1915 quae
1145 1837 1339 1914 supersunt,

257 1944 321 2024 illa
354 1941 483 2028 sapiens
519 1940 564 2029 (si
599 1943 695 2007 modo
730 1942 860 2034 sapiens
893 1964 952 2008 nec
983 1942 1094 2028 potius
1127 1943 1213 2008 male
1245 1945 1340 2029 suna)

264 2055 453 2141 Melanippe
485 2053 679 2140 Euripides,
712 2055 765 2121 eui
796 2055 903 2141 proles
935 2055 1051 2121 furtim
1075 2055 1164 2121 edita
1187 2055 1343 2122 debuerat

264 2191 358 2234 curae
388 2167 533 2254 propiori
566 2190 636 2234 esse
670 2190 767 2254 quarn
802 2190 915 2234 cursus
951 2167 1118 2234 stellarum
1154 2173 1187 2234 et
1214 2167 1342 2234 telluris

263 2283 390 2368 eriget
431 2281 482 2348 Ne
512 2287 625 2348 nostro
655 2282 786 2367 quidem
820 2287 983 2368 tempore,
1008 2303 1072 2368 quo
1096 2282 1248 2347 nonnulli
1267 2281 1343 2366 jura

295 2493 304 2524 ¹
338 2493 393 2544 Hoc
410 2497 558 2553 tenendum,
576 2509 607 2544 ne
624 2496 721 2558 saepius
737 2495 837 2559 iniquus
853 2494 899 2544 fias
914 2480 942 2544 in
958 2495 1112 2559 Euripidem¹
1125 2496 1180 2544 taut
1196 2495 1223 2544 in
1235 2494 1343 2558 reliquos

262 2593 359 2633 veteres
375 2584 504 2648 tragicos).
537 2584 656 2648 Exempli
673 2585 768 2648 gratia,
793 2599 844 2633 non
857 2583 916 2646 jure
932 2584 1099 2648 reprehendes
1116 2583 1232 2634 dictailla
1243 2585 1344 2643 Thesei,

262 2674 322 2723 eatis
347 2683 431 2724 tamen
457 2673 584 2734 α’νοίιεεια,
611 2674 652 2723 ubi
669 2674 700 2723 de
718 2674 813 2737 optima
828 2673 961 2736 regiminis
978 2673 1059 2722 forma
1075 2673 1184 2737 disputat
1200 2689 1257 2722 cum
1272 2689 1344 2738 prae·

262 2776 323 2813 cone
348 2763 470 2812 Thebano
494 2762 520 2810 in
546 2761 713 2825 supplicibus.
747 2761 844 2810 Eadem
868 2763 899 2809 de
916 2775 989 2810 causa
1006 2761 1085 2810 levius
1103 2759 1182 2809 feram
1199 2762 1343 2812 anachroni-

263 2867 344 2901 smum
369 2853 440 2903 Peiei
465 2852 588 2915 culpantis
612 2852 728 2901 instituta
753 2850 864 2915 Lycurgi
881 2850 906 2898 in
922 2851 1032 2900 violenta
1053 2851 1096 2899 illa
1113 2850 1233 2910 oratione,
1251 2853 1344 2902 Atticis

262 2943 363 2993 auribus
387 2943 535 3002 blandiente,
560 2945 680 2991 adversus
697 2942 875 3006 Spartanorum
892 2941 1031 3004 puellarum
1048 2941 1227 2998 educationem,
1243 2944 1343 2993 Andro-

263 3033 342 3082 mach.
367 3050 404 3082 vs.
430 3033 570 3083 usu-oet.
603 3031 674 3094 (vid.
692 3031 756 3082 infra
772 3046 829 3095 pag.
847 3031 880 3079 68
896 3032 952 3079 adn.
969 3031 1004 3093 2.)
1037 3029 1139 3081 Confer.
1156 3031 1344 3082 Andromaches

263 3122 287 3169 in
305 3122 392 3171 eadem
409 3121 587 3185 sabulaoratio
605 3135 641 3171 vs.
657 3121 708 3170 445
724 3135 776 3184 sqq,
1240 3113 1243 3132 ⁵

296 3211 415 3274 Antiquis
440 3209 620 3273 spectatoribus
644 3216 746 3272 gratum
771 3216 837 3267 erat,
865 3207 886 3256 si
911 3207 946 3256 ita
973 3214 1135 3271 tangerentur
1159 3223 1199 3258 res
1215 3211 1344 3274 aequales,

263 3314 343 3363 neque
366 3300 443 3364 igitur
459 3301 613 3363 querendum
630 3307 669 3348 est
684 3300 714 3347 de
731 3305 805 3361 poeta
821 3298 863 3347 ubi
879 3297 975 3346 civibus
992 3297 1167 3360 morigeratur.
1202 3282 1344 3349 Dummodo

262 3389 298 3439 itu
322 3389 455 3452 loquantur
478 3387 566 3436 heroes
591 3386 696 3451 tragici,
719 3393 747 3434 ut
762 3385 871 3435 locuturi
888 3384 991 3434 fuissent
1007 3385 1028 3434 ei
1045 3387 1132 3436 eodem
1149 3401 1179 3435 ac
1195 3395 1345 3451 spectatores

263 3480 384 3529 vixissent
400 3488 525 3543 tempore,
541 3493 633 3542 parvus
650 3485 693 3526 aut
708 3477 789 3526 nullus
806 3476 980 3540 vituperationi
995 3475 1066 3524 locus
1082 3475 1237 3541 relinquitur.

295 3569 306 3602 ²
339 3569 482 3632 Melanippo
509 3568 524 3629 ἡ
550 3569 616 3633 σοφή
632 3568 697 3617 clam
714 3566 762 3615 sibi
778 3574 848 3615 natos
864 3574 1012 3630 exposuerat
1028 3566 1161 3630 gemellos,
1178 3581 1239 3630 quos
1257 3583 1345 3619 vaccae

263 3660 340 3710 ubera
364 3661 483 3709 ducentes
509 3657 654 3706 invenerant
677 3663 790 3720 pastores
815 3664 841 3705 et
865 3655 936 3720 quasi
960 3661 1129 3717 portentosum
1155 3655 1224 3705 boris
1244 3666 1345 3720 partum

263 3751 397 3799 attulerant
421 3747 503 3799 Aeolo
509 3761 528 3806 ,·¹
539 3746 635 3811 puellae
659 3746 739 3810 patri,
754 3745 797 3809 qui
813 3759 854 3794 eos
870 3743 977 3794 cremari
993 3742 1098 3793 volebat.
1131 3743 1205 3806 Quod
1221 3744 1300 3796 fatum
1317 3758 1345 3798 ut

263 3840 294 3889 ab
319 3837 447 3889 infantulis
472 3843 583 3894 avertat,
608 3833 711 3884 heroina
726 3833 803 3896 longa
818 3831 1029 3883 demonstratione
1045 3831 1214 3897 philosophica
1229 3835 1344 3886 evincere

264 3930 366 3988 laborat,
391 3944 406 3976 a
431 3928 494 3976 bove
520 3925 626 3976 edinen
643 3937 717 3988 posse
733 3924 829 3987 prolem
845 3924 989 3996 humanam.
1022 3922 1116 3972 Parnm
1132 3930 1190 3986 apte
1207 3926 1344 3974 renuntias

263 4019 320 4068 illae
345 4019 530 4080 Anaxagoreae
553 4015 644 4064 cadum
668 4027 700 4062 ex
724 4025 768 4062 ore
784 4011 882 4076 puellae
899 4010 959 4060 furti
977 4010 1024 4059 sibi
1040 4011 1152 4060 cometae
1169 4019 1194 4061 et
1211 4013 1343 4064 filiolorum
1367 4079 1370 4084 Ι

263 4107 330 4157 vitae
346 4105 485 4156 trementis.
517 4103 578 4155 Jam
595 4101 745 4152 Aristoteles
761 4108 827 4165 poet.
847 4099 962 4151 reiltun
978 4099 1053 4165 ῥῆσιν
1071 4099 1232 4164 vituperavit.

296 4195 399 4245 Initium
415 4193 510 4244 fabulae
526 4199 581 4243 erat
597 4205 686 4241 versus
703 4191 806 4254 impius:

448 4272 532 4344 Ζεύς,
550 4283 620 4342 ὅστις
637 4282 650 4330 ὁ
668 4282 742 4343 Ζεύς,
761 4283 856 4347 οὐγὰρ
875 4281 931 4331 nida
950 4281 1021 4340 πλὴν
1036 4280 1106 4343 λόγῳ

457 4372 549 4422 κλύων.

265 4475 327 4524 quae
344 4470 431 4524 postea
448 4469 543 4512 mutata
559 4470 618 4512 sunt
634 4462 660 4510 in
677 4462 739 4512 haec
755 4460 833 4511 verba
850 4459 931 4508 minus
949 4456 1162 4524 “philosophiam’'
1191 4485 1193 4489 ·
