2976 4964
749 307 787 369 18

276 486 338 553 His
370 496 480 555 autem
512 491 669 557 doctrinis
695 490 845 578 initiatus
872 492 1072 578 Strepsiades
1097 493 1257 576 rusticuS,
1291 518 1307 558 e

228 599 340 665 schola
382 601 521 667 Socratis
563 624 724 686 reversusr‚
772 602 818 668 sic
852 602 963 668 illudit
998 604 1065 668 filio
1095 605 1220 690 juranti
1252 630 1308 693 per

230 714 347 778 dorem
371 714 562 800 Olympium
587 739 632 782 vs.
655 720 720 782 818
742 740 810 802 sq.:

431 825 499 893 ἰδού
520 831 551 914 γ’
572 827 639 896 ἰδοὺ
663 832 711 896 Δί’
733 829 919 920 Ὀλύμπιον·
942 839 997 905 τῆς
1017 835 1148 917 μωρίας·

430 942 466 1005 τὸ
490 946 550 1006 Δία
573 942 726 1024 νομίζειν,
749 946 826 1007 ὄντα
846 942 1055 1018 τηλικουτονί·

231 1056 264 1115 ct
285 1072 362 1115 mox
381 1073 455 1116 cum
475 1054 630 1119 creditore
652 1054 750 1119 Pasie
771 1055 818 1119 ito
839 1054 1013 1119 altercatur
1027 1055 1089 1138 (vs.
1108 1058 1192 1119 1232
1207 1060 1306 1139 sqq.):

274 1166 353 1230 Pa8.
428 1172 475 1232 καὶ
498 1169 582 1233 ταῦτ’
604 1167 759 1242 ἐθελήσεις
782 1168 940 1250 ἀπομόσαι
961 1196 1012 1250 μοι
1034 1172 1107 1242 τοὺς
1129 1166 1236 1243 θεοός,

276 1278 397 1362 Strept.
436 1283 549 1352 ποίους
572 1276 679 1353 θεούς,

536 1389 615 1453 Pas.
695 1391 733 1454 ὃν
755 1390 794 1454 ἂν
816 1390 950 1455 κελεύσω
972 1393 1067 1476 ’γωγέ
1088 1421 1139 1464 σε,

433 1504 488 1566 τὸν
512 1507 590 1576 Διά,
612 1505 668 1568 τὸν
689 1503 822 1589 Ἑρμῆν,
844 1505 900 1568 τὸν
924 1499 1077 1568 Ποσειδῶ.

902 1612 1022 1695 Strept.
1072 1615 1109 1688 νὴ
1143 1619 1219 1683 Δία,

433 1726 489 1791 κᾶν
510 1723 759 1812 προςκαταθείην
780 1727 822 1810 γ’,
844 1727 917 1809 ὦρτ’
941 1727 1066 1805 ὀμόσαι,
1090 1723 1285 1810 τριώβολον,

794 1934 974 2028 θανμασίως
995 1934 1097 2010 ἥσθην
1121 1935 1222 2018 θεοῖς,

432 2048 478 2106 καὶ
502 2045 576 2115 Ζεὺς
597 2040 727 2125 γέλοιος
749 2043 923 2122 ὀμνύμενος
943 2049 1013 2114 τοῖς
1035 2039 1160 2106 εἰδόσιν·
1259 2068 1261 2072 ”

278 2162 382 2225 Filius
404 2180 488 2243 ver0,
509 2159 599 2224 brevi
620 2165 764 2243 ternpore
775 2158 873 2223 nimis
885 2159 966 2224 bene
980 2160 1112 2225 edoctus
1126 2183 1243 2226 novam
1257 2161 1308 2224 di-

232 2274 404 2359 sciplinam
416 2271 674 2357 philosophicam
687 2277 721 2336 et
729 2271 888 2336 rhetorica
900 2273 1047 2356 artificia,
1057 2281 1184 2358 patrem
1197 2274 1308 2340 verbe·

232 2395 292 2469 rat,
316 2393 348 2450 et
367 2385 442 2451 deos
465 2385 587 2470 patrios
601 2385 819 2449 obtestantem
831 2384 882 2450 his
896 2385 1002 2451 verbis
1017 2385 1130 2451 irridet
1140 2408 1186 2451 vs.
1204 2390 1306 2450 1469:

432 2496 501 2565 ἶδοό
523 2525 559 2583 ’γε
582 2501 643 2564 Δία
665 2504 823 2585 πατρῷον·
848 2501 891 2573 ὡς
913 2499 1048 2584 ἀρχαῖος
1070 2501 1105 2564 εἶ·

434 2607 506 2679 Ζεὺς
529 2605 591 2691 ’γάρ
613 2634 661 2679 τις
683 2605 783 2676 ἔστιν,

234 2712 321 2775 ltlale
347 2709 508 2775 mulcatus
541 2710 671 2774 tandem
704 2709 866 2774 exclamat
902 2709 1103 2793 Strepsiades
1130 2732 1176 2775 vs.
1205 2715 1306 2776 1476:

432 2822 515 2905 οἴμοι
537 2827 721 2909 παρανοίας·
745 2825 789 2897 ὡς
811 2824 978 2904 ἐμαινόμην
1000 2807 1060 2910 ripa

368 2966 372 2974 ·
433 2928 477 2992 ὅτ’
499 2925 680 3013 ἐξέβαλλον
700 2930 776 3002 τοὺς
799 2925 890 3000 θεοὺς
913 2923 962 2991 διὰ
986 2929 1146 3013 Σωκράτη·

233 3039 266 3096 et
303 3032 431 3096 ulturus
462 3031 692 3109 contumeliam
727 3053 823 3116 quam
851 3052 1023 3116 perpessus
1047 3031 1154 3097 fuerat
1178 3055 1196 3097 a
1218 3032 1306 3116 filie,

234 3149 478 3232 φροντιστήριον
514 3145 672 3226 Socratis,
707 3146 861 3211 adscenso
888 3151 996 3228 tecto,
1020 3146 1200 3227 comburit,
1224 3147 1309 3211 inter

234 3260 299 3324 alia
331 3259 444 3324 acerba
481 3259 514 3322 in
550 3257 762 3342 philosophos
797 3257 1042 3323 semiustulatos
1077 3258 1212 3323 dicteria
1248 3258 1307 3323 hoc

234 3395 361 3458 quoque
384 3372 580 3438 vociferans:

434 3487 465 3551 τί
484 3489 548 3572 γὰρ
569 3486 725 3562 παθόντες
746 3491 820 3562 τοὺς
844 3485 934 3560 θεοὺς
955 3482 1117 3573 ὑβρίζετεῐ

281 3590 405 3658 Chorus
433 3613 506 3657 vero
531 3591 697 3675 Nubium,
722 3613 837 3678 quern,
862 3591 945 3656 mira
971 3591 1179 3656 conversione
1202 3588 1307 3671 facta,

235 3705 269 3769 in
305 3705 423 3770 ultimo
444 3705 628 3770 comoediae
650 3713 741 3791 parte
774 3704 930 3790 sophistis
954 3704 1124 3769 inimicum
1149 3703 1308 3784 videmus

236 3840 338 3904 quum
370 3818 466 3889 initio
500 3820 538 3884 iis
561 3818 714 3903 favisset,
740 3820 791 3885 his
815 3819 921 3885 verbis
947 3839 981 3884 se
1004 3817 1145 3903 gaudere
1171 3823 1311 3881 testatur

240 3930 436 4018 Strepsiedis
464 3932 643 3997 infortunia
667 3954 713 3996 vs.
742 3934 827 3997 1458
852 3955 942 4016 sqq.:
1016 4018 1018 4025 y

437 4048 524 4127 ἡμεῖς
545 4053 693 4128 ποιοῦμεν
715 4045 800 4111 ταῦθ’
823 4044 974 4117 ἑκάστοθ’,
998 4050 1073 4111 ὅταν
1095 4049 1163 4110 τινὰ

439 4155 565 4236 γνῶμεν
585 4157 735 4238 πονηρῶν
758 4151 821 4216 ὅντ’
844 4152 976 4238 ἐραστὴν
997 4152 1208 4237 πραγμάτων,
1304 4168 1305 4171 ’

439 4257 497 4331 ἕως
519 4255 557 4321 ἂν
579 4257 675 4322 αὐτὸν
696 4254 883 4344 ἐμβάλωμεν
906 4260 948 4331 εἰς
971 4258 1080 4325 κακόν,

441 4366 527 4434 ὅπως
549 4361 587 4424 ἂν
610 4358 673 4451 εἰδῇ
694 4367 769 4437 τοὺς
791 4360 882 4436 θεοὺς
904 4358 1080 4426 δεδοικέναι·
