3216 5154
758 415 797 475 77

243 601 404 686 agitatum
421 599 575 685 juvenem
599 619 765 685 agnoscas.
815 599 853 663 ln
880 599 1067 665 Phoenissis
1087 600 1182 666 ambo
1198 599 1313 684 Oedipi

243 711 304 779 filii
329 722 405 778 ante
430 717 568 777 matrem
593 713 748 777 Jocasten
773 711 910 777 consilia
933 733 992 777 sua
1017 712 1207 796 defendunt,
1232 713 1314 778 alter

243 827 335 913 regni
358 827 421 891 sibi
442 824 607 906 servandi,
625 825 707 889 alter
723 823 846 890 auxilio
858 825 1016 891 sociorum
1030 825 1217 910 occupandi.
1244 826 1314 890 Me-

243 940 304 1005 dea
328 938 482 1004 adversus
510 936 686 1020 Jasonem,
713 937 914 1028 Hippolytus
937 938 1024 1023 apud
1047 955 1173 1025 patrem
1194 939 1315 1003 Thesea

244 1073 375 1118 oausam
395 1056 546 1136 agentes,
573 1049 720 1116 Pheretis
743 1050 974 1117 oumAdmeto
990 1051 1022 1115 in
1040 1050 1205 1117 Alcestide
1218 1052 1316 1117 alter-

245 1163 329 1230 catio
352 1185 454 1250 paene
479 1163 618 1246 comica,
635 1162 705 1242 tria
720 1170 798 1228 sunt
813 1162 878 1228 alia
889 1164 1037 1249 exempla
1050 1165 1128 1230 artis
1139 1165 1315 1230 rhetoricae

246 1277 280 1340 in
301 1276 483 1342 subsidium
504 1274 619 1361 tragici
642 1275 748 1362 operis
769 1280 912 1341 vocatae.
959 1277 1188 1343 Andromache
1204 1277 1317 1343 fabula

245 1389 363 1455 referta
385 1395 435 1455 est
458 1388 674 1472 orationibus,
692 1388 901 1472 Hermiones,
918 1388 1024 1474 Pelei,
1043 1389 1200 1473 Menelai,
1214 1390 1316 1476 ipsius

246 1501 506 1580 Andromachen
530 1503 609 1568 haec
632 1503 780 1586 heroina,
806 1503 910 1568 saevis
932 1503 1072 1570 vinculis
1089 1505 1208 1589 ligata,
1223 1504 1318 1569 debet

247 1621 433 1702 exspectare
463 1616 563 1683 donec
588 1616 756 1682 Menelaus
780 1620 813 1681 et
834 1616 951 1682 Peleus
977 1637 1011 1682 re
1026 1616 1167 1682 invicem
1178 1616 1317 1681 infinitis

247 1728 416 1812 conviciis,
439 1729 595 1794 ducentos
619 1728 686 1794 fere
709 1751 821 1794 versus
846 1728 1075 1813 implentibus,
1102 1728 1181 1795 satis
1198 1728 1318 1794 dilace-

248 1841 407 1926 raverint,
432 1847 466 1907 et
488 1842 604 1908 Peleus
625 1843 755 1908 tandem
772 1842 938 1928 intelligat
953 1864 1018 1907 non
1032 1842 1138 1908 verbis
1151 1842 1208 1908 sed
1222 1840 1317 1907 factis

248 1975 329 2038 opus
351 1975 429 2020 esso.
469 1954 543 2020 Non
568 1955 674 2022 minor
696 1956 899 2020 abundantia
920 1956 1104 2021 orationum
1121 1955 1219 2021 estin
1234 1954 1318 2039 Sup-

248 2067 396 2159 plioibus.
446 2068 486 2132 In
516 2068 626 2133 Troasi
658 2068 784 2135 Helena
813 2069 900 2154 apud
930 2068 1117 2135 Menelaum
1142 2069 1320 2154 pristinum

248 2179 403 2246 maritum
424 2185 495 2246 orat
518 2204 668 2266 causam,
693 2189 867 2248 accusante
890 2183 1034 2248 Hecuba.
1074 2183 1114 2247 ln
1135 2182 1319 2247 Heraclidis

250 2293 362 2358 statim
385 2298 460 2378 post
485 2293 657 2379 prologum
680 2293 867 2360 instituitur
889 2293 1069 2360 rhetoricus
1094 2293 1245 2380 dialogus
1269 2295 1320 2358 in-

249 2411 299 2472 ter
322 2405 498 2490 Eurysthei
519 2427 710 2491 praeconem
723 2405 848 2491 Ooprea
863 2415 896 2472 et
913 2407 1058 2490 lolaum,
1075 2429 1183 2473 coram
1200 2407 1321 2472 Demo-

250 2521 392 2604 phoonte
413 2541 488 2607 rege
508 2519 722 2585 Athenarum.
774 2521 813 2584 In
838 2521 964 2585 Helena
979 2519 1107 2604 fabula,
1126 2524 1164 2585 ut
1180 2518 1321 2584 Menelai

250 2633 337 2698 vitae
368 2637 534 2717 parcatur,
567 2633 637 2716 ipse
667 2637 701 2698 et
727 2654 808 2697 uxor
833 2633 962 2697 Helena
989 2632 1096 2718 longis
1120 2631 1321 2698 orationibus

250 2751 423 2831 precantur
454 2746 643 2811 aTheonoii
666 2747 751 2832 regis
776 2767 892 2811 sorore.
940 2747 979 2810 In
1007 2746 1158 2812 Herculis
1184 2747 1321 2811 furentis

251 2858 347 2924 initio
372 2859 456 2924 inter
480 2857 604 2942 Lycum
628 2864 660 2923 et
676 2857 951 2944 Amphitryonem
963 2858 1101 2924 habetur
1111 2858 1321 2944 colloquium,

253 2973 364 3039 eodem
399 2973 504 3038 colore
536 2971 658 3037 forensi
690 2971 870 3056 imbutum,
898 2972 1019 3057 judicis
1046 2978 1155 3058 partes
1184 2974 1323 3040 obeunte

253 3085 349 3150 choro
381 3087 492 3170 (quem
522 3108 563 3150 ex
596 3086 727 3151 senibus
760 3085 933 3172 decrepitis
967 3091 1171 3152 constantem
1196 3087 1322 3152 mireris

253 3197 406 3264 adversus
437 3203 613 3283 tyrannum
637 3199 761 3283 Lycum
785 3199 909 3265 hiscere
932 3199 1077 3284 audere);
1101 3199 1135 3263 in
1160 3200 1226 3266 fine
1249 3222 1323 3265 vero

253 3311 350 3398 hujus
380 3312 564 3398 tragoediae
591 3312 719 3378 utinam
743 3313 943 3380 brevioribus
967 3314 1168 3381 orationibus
1195 3317 1323 3381 uteren-

253 3433 307 3491 tur
332 3425 487 3491 Hercules
511 3425 551 3490 ad
576 3426 805 3492 declarandum
832 3449 866 3493 se
890 3429 972 3495 mori
993 3428 1094 3511 velle,
1119 3429 1260 3494 Theseus
1283 3428 1324 3493 ad

254 3539 517 3606 dissuadendum.
566 3539 652 3620 Quid
684 3540 790 3606 dicam
819 3541 859 3606 de
889 3542 948 3606 illa
977 3541 1244 3629 hdyovdplhhp,
1268 3564 1325 3628 per

254 3659 384 3720 centum
401 3658 434 3718 et
448 3652 687 3738 quinquaginta
702 3673 813 3718 varrus
826 3657 1005 3738 protracta,
1018 3654 1104 3720 inter
1116 3654 1323 3738 Clytaemne-

255 3770 356 3831 stram
378 3765 547 3831 humiliter
571 3765 757 3852 loquentem
779 3772 813 3832 et
831 3766 996 3834 Electram
1012 3769 1182 3854 sanguinis
1196 3767 1325 3832 avidam

255 3903 313 3947 nec
329 3873 415 3966 ¹jocis
439 3880 622 3946 crudelibus
647 3880 864 3946 abstinentem
882 3882 914 3945 ¹?
959 3881 1084 3947 Eadem
1109 3881 1239 3946 Electra
1261 3899 1325 3944 non

255 3994 351 4060 modo
380 3995 413 4058 in
440 3994 547 4059 vivam
581 4001 718 4059 matrem
754 3993 810 4059 sed
842 3994 940 4060 etiarn
973 3995 1007 4059 in
1037 4001 1201 4060 mortuum
1224 3994 1326 4078 Aegi-

256 4107 366 4172 sthum
390 4106 488 4172 habet
511 4106 689 4173 orationem
705 4107 726 4172 ².
776 4107 839 4174 Sed
858 4107 928 4193 jam
954 4109 1033 4174 satis
1056 4108 1161 4173 multa
1177 4105 1326 4191 exempla

257 4219 427 4285 attulimus
444 4220 553 4285 ,studii
577 4219 645 4306 ejus
665 4220 848 4306 judicialia,
870 4241 974 4306 neque
990 4243 1030 4286 ex
1044 4220 1198 4286 dramatis
1213 4220 1325 4305 deper-

290 4405 297 4435 ¹
331 4405 390 4454 Vid.
408 4405 503 4454 Electr.
520 4420 555 4454 vs.
576 4407 645 4481 1127.

290 4490 301 4523 ²
333 4494 426 4544 Electr.
444 4509 480 4542 vs.
499 4495 637 4546 907-956.
702 4557 704 4562 ,
