3222 5170
765 420 825 480 127

295 603 377 666 ltin.
400 623 442 662 vs.
465 608 521 662 659
545 621 619 681 sqq.:

414 701 496 783 πρὸς
515 707 611 763 ταῦτα
638 701 750 765 Κλέων
773 705 821 764 καὶ
845 696 1042 780 παλαμάσθω
1143 737 1149 747 ·

415 799 461 857 καὶ
484 799 548 858 πᾶν
569 791 618 858 ἐπἲ
638 799 704 878 ἐμοὶ
724 792 940 860 τεκταινέσθω·
1022 833 1025 842 ·

416 891 452 954 τὸ
473 891 536 975 γὰρ
559 889 591 954 εὖ
612 892 674 973 μετ’
697 893 770 974 ἐμοῦ
790 895 837 954 καὶ
860 891 896 953 τὸ
919 886 1042 954 δίκαιον

418 979 584 1071 ξύμμαχον
608 985 710 1058 ἔσται,
735 986 790 1050 κού
813 982 946 1066 μήποθ’
971 985 1039 1047 ἁλῶ

414 1084 482 1164 περὶ
503 1083 560 1153 τὴν
581 1079 678 1144 πόλιν
701 1081 759 1150 ὤν,
782 1082 886 1164 ὥσπερ
911 1081 1044 1152 ἐκεῖνος,

418 1171 522 1248 δειλὸς
544 1178 591 1239 καὶ
614 1177 859 1260 λακαταπύγων·

296 1267 378 1326 Haee
399 1268 598 1328 imitationem
619 1270 773 1329 continent
793 1270 851 1329 loci
872 1268 1039 1348 Euripidei‚
1060 1267 1138 1347 apud
1149 1267 1332 1327 Clementem

256 1361 339 1421 Alex.
362 1363 405 1421 sic
426 1362 566 1422 exhibiti:

416 1461 499 1543 πρὸς
519 1457 604 1523 ταῦθ’
628 1464 645 1524 ὅ
668 1489 695 1524 τι
719 1462 781 1546 χρὴ
805 1465 853 1524 καὶ
872 1458 1072 1541 παλαμάσθω

418 1559 466 1618 καὶ
486 1559 550 1620 πᾶν
572 1557 617 1619 ἐπ’
638 1559 702 1638 ἐμοὶ
722 1554 935 1621 τεκταινέσθω·

418 1652 454 1713 τὸ
477 1651 540 1735 γὰρ
564 1649 596 1715 εὖ
617 1651 679 1733 μετ’
701 1653 775 1733 ἐμοῦ

419 1750 467 1808 καὶ
489 1749 526 1810 τὸ
547 1742 670 1812 δίκαιον,
691 1749 858 1832 σύμμαχον
878 1746 977 1816 ἔσται,

419 1840 474 1902 κού
496 1843 536 1919 μή
558 1837 631 1903 ποθ’
651 1836 719 1903 ἁλῶ
743 1840 818 1904 κακὰ
840 1840 1005 1924 πράσσων·

298 1931 416 1990 Partem
437 1931 529 2009 hujus
550 1933 607 1991 loei
629 1933 702 1992 citat
726 1932 784 1992 (lie.
808 1932 845 1992 ad
866 1932 931 1992 Att.
953 1931 1046 2004 VIII,
1072 1938 1089 1992 8
1112 1933 1163 2005 (ef.
1184 1933 1243 2006 VI,
1269 1937 1308 2006 1.)

991 2028 1102 2091 (Fragm.
1119 2029 1169 2078 910
1186 2029 1270 2085 Βὶαά.)

299 2139 380 2202 ltin
402 2158 444 2199 ve.
466 2143 524 2202 893
546 2157 589 2218 eq.
611 2140 647 2200 de
669 2141 802 2218 anguilla
823 2141 1008 2218 Dicaeopolis
1029 2141 1073 2200 ite
1092 2141 1236 2220 loquitur:

740 2233 897 2323 μηδὲγὰρ
922 2234 1026 2302 θανών
1048 2264 1122 2302 ποτε

419 2338 477 2395 σοῦ
497 2337 597 2417 χωρὶς
620 2331 684 2406 εἵην
706 2330 1045 2413 ἐντετευτλανωμένης,

178 2423 205 2450 ““
258 2425 380 2485 imitans
401 2425 490 2485 verba
510 2445 546 2485 ex
567 2425 720 2504 Euripidis
741 2425 905 2497 Alcestide‚
928 2426 980 2485 ubi
1001 2426 1147 2486 Admetus
1168 2429 1210 2488 sie
1231 2427 1267 2487 de
1283 2449 1336 2488 sue

225 2519 233 2536 ”
259 2539 347 2580 uxore
369 2520 425 2596 (vs.
448 2525 506 2581 367
528 2524 598 2599 sq.):

740 2614 815 2698 μηδὲ
838 2618 902 2702 γὰρ
926 2615 1030 2681 θανών
1052 2645 1126 2682 ποτε

421 2718 479 2777 σού
501 2712 603 2798 χωρὶς
626 2711 705 2786 εἵην,
727 2722 783 2786 τῆς
804 2714 905 2793 μόνης
924 2722 1036 2787 πιστῆς
1059 2716 1134 2794 ἐμοί·

300 2883 405 2960 Equit.
428 2900 470 2940 vs.
495 2885 543 2939 1¹5:

341 2971 344 2975 ¹
421 2982 490 3052 πῶς
512 2977 551 3041 ἂν
574 2980 612 3041 σύ
633 3004 684 3058 μοι
708 2973 828 3050 λέξειας
849 2977 903 3058 ἁμὲ
927 2977 990 3062 χρὴ
1010 2974 1126 3052 λέγειν;

301 3072 437 3151 Euripid.
459 3070 584 3150 Hippnl.
606 3089 651 3130 vs.
672 3073 741 3130 345.
762 3105 801 3112 -
824 3068 967 3129 Similiter
987 3089 1089 3131 versus
1111 3075 1161 3130 80:
1201 3122 1203 3127 .

423 3169 589 3254 κράτιστον
611 3167 670 3232 οὖν
693 3172 756 3252 νῷν
776 3163 946 3230 ἀποθανεῖν

261 3261 452 3323 conferendus
481 3268 526 3322 eet
553 3281 620 3321 cnm
649 3261 771 3340 Hippol.
804 3280 846 3322 vs.
875 3265 946 3320 401:
977 3260 1137 3327 κατθανεῖν
1169 3259 1255 3335 ἔδοξέ
1284 3291 1337 3345 μοι

261 3363 436 3446 κράτιστον·

302 3501 384 3566 ltin.
406 3521 448 3562 vs.
470 3506 540 3560 214:

421 3599 549 3683 τᾶραττε
573 3601 621 3661 καὶ
642 3595 766 3683 χόρδευ’
789 3601 868 3679 ὁμοῦ
890 3600 927 3663 τὰ
953 3601 1130 3686 πράγματα·

303 3692 410 3752 Schol:
442 3689 604 3778 παρυύδησε
635 3695 690 3758 τὸν
717 3689 837 3778 ἴαμβον
861 3691 896 3766 ἐξ
916 3691 1129 3780 Ἡρακλειδῶν
1154 3693 1335 3780 Εὐριπίδου.

263 3788 300 3846 In
321 3807 354 3848 ea
375 3794 475 3847 temen
495 3787 596 3846 fabule
618 3788 686 3848 telis
707 3807 807 3848 versus
828 3807 889 3848 non
909 3789 1045 3850 occurrit.

348 3906 350 3910 ·
988 3885 1167 3947 (Fragmssm
1184 3885 1271 3945 Dind.)

304 3996 385 4060 lbid.
407 4015 449 4056 vs,
472 4001 543 4057 813:

393 4089 394 4092 ¹
423 4093 447 4156 ὦ
468 4093 564 4168 πόλις
579 4093 734 4178 Ἄργους,
758 4091 861 4158 κλύεθ’
884 4094 934 4158 οἶα
953 4093 1046 4177 λέγει.

304 4185 375 4245 Tn'a
394 4187 493 4265 priora
514 4187 603 4247 verba
623 4187 784 4247 seeundum
805 4186 896 4247 schol.
917 4187 1012 4270 petita
1033 4193 1102 4246 sunt
1129 4207 1163 4247 ex
1184 4186 1347 4265 Euripidis¹

264 4280 407 4359 Telephe,
440 4283 497 4342 tria
530 4283 637 4342 ultima
667 4302 702 4342 ex
733 4281 838 4342 Medea
860 4282 916 4357 (vs.
947 4284 1025 4358 168).
1069 4281 1125 4342 Sed
1145 4301 1236 4361 quum
1258 4282 1336 4342 idem

265 4394 364 4436 versus
389 4385 523 4437 occurret
544 4378 576 4437 in
597 4378 686 4438 Pluto
707 4378 805 4456 (601),
827 4378 923 4438 multo
945 4377 1135 4438 verisimilius
1154 4385 1199 4438 est
1219 4396 1280 4438 non
1302 4397 1336 4437 ex

265 4470 379 4531 duobus
395 4473 467 4533 loeis
484 4474 653 4553 Euripideis
675 4494 737 4535 esse
752 4474 920 4546 conflatum,
942 4474 992 4534 sed
1013 4474 1162 4551 integrum
1185 4473 1217 4533 in
1238 4474 1337 4552 aliqua
