3216 5154
831 423 849 482 2

306 628 404 691 saepe
439 612 548 671 autem
579 611 655 669 noto
690 606 786 669 errori
821 604 1027 689 indulgentes
1058 603 1168 688 potius
1203 621 1300 686 quam
1332 623 1371 664 ex

309 709 444 775 historia
467 731 501 775 se
524 709 647 774 edoceri
669 708 847 793 patiantur,
872 729 1013 794 eaquae
1036 706 1125 771 fuere
1148 713 1215 770 tam
1239 703 1373 789 pulchra

309 811 540 897 imaginantur,
571 818 608 876 ut
635 811 729 876 abavi
751 810 900 876 miraturi
923 814 1032 874 essent
1054 809 1099 891 si,
1124 809 1164 872 ab
1189 806 1299 871 inferis
1322 827 1371 869 re-

309 915 421 998 duces,
446 919 579 1000 possent
601 913 709 979 videre
732 935 829 999 quam
852 912 1000 978 decoram
1023 918 1056 976 et
1077 912 1222 997 ipsorum
1246 915 1371 974 ettam-

308 1018 394 1102 poris
428 1038 490 1102 quo
523 1018 673 1082 vixerunt
702 1015 856 1100 effigiem*
873 1021 1005 1101 nepotes
1030 1015 1092 1080 sibi
1116 1013 1369 1078 informaverint.

308 1120 422 1186 Altera
453 1141 526 1185 vero
554 1142 628 1205 pars
652 1120 838 1202 hominum,
864 1125 897 1184 et
920 1120 1004 1184 inter
1027 1119 1086 1184 hos
1110 1139 1175 1182 non
1198 1138 1268 1182 raro
1292 1115 1316 1180 ii
1338 1115 1373 1179 in

309 1223 425 1308 quibus
450 1224 629 1288 maximum
653 1222 749 1287 robur
772 1221 914 1306 ingenii,
941 1221 1007 1287 suis
1031 1221 1154 1286 viribus
1170 1219 1293 1302 confisi,
1307 1218 1374 1303 legi

309 1333 457 1392 aeternae
480 1326 609 1391 obedire
632 1325 761 1390 malunt
786 1347 868 1411 quae
891 1331 980 1390 vetat
1003 1325 1174 1411 quicquam
1199 1323 1373 1388 consistere

308 1430 342 1492 in
366 1430 482 1514 quiete.
531 1429 577 1494 Hi
599 1433 709 1493 autem
732 1449 774 1492 ne
796 1427 942 1492 incidant
965 1428 999 1490 in
1024 1448 1162 1492 errorem
1176 1426 1374 1491 contrarium

308 1553 373 1595 non
403 1531 507 1596 minor
539 1536 590 1596 est
614 1529 736 1606 cautim
767 1528 845 1594 dum
870 1529 958 1608 enim
981 1535 1059 1594 nota
1082 1529 1179 1594 nimis
1202 1529 1293 1613 parvi
1315 1528 1373 1592 ha-

308 1634 387 1699 bent
417 1638 451 1699 et
477 1634 512 1700 in
543 1632 666 1720 ignotis*
693 1653 823 1697 omnem
854 1653 946 1717 spem
978 1638 1124 1716 ponunt,
1153 1630 1249 1696 facile
1271 1631 1374 1696 addu-

308 1743 425 1803 cuntur
448 1736 543 1802 utin
567 1735 681 1822 quovis
703 1743 796 1801 motu
819 1757 1025 1821 progressum
1047 1735 1147 1800 latere
1170 1735 1374 1821 suspicentur

307 1847 341 1906 et
372 1840 572 1927 quibuslibet
604 1839 840 1904 mutationibus
873 1843 992 1904 temere
1019 1837 1194 1924 plaudant3
1228 1861 1266 1905 ac
1296 1839 1374 1904 dum

306 1944 447 2008 solidam
470 1950 588 2009 terram
611 1963 676 2007 non
701 1941 780 2007 satis
804 1941 904 2026 spatii
927 1941 990 2006 sibi
1005 1942 1156 2026 praebere
1171 1942 1372 2024 existimant,

308 2069 372 2112 non
401 2068 471 2110 raro
500 2044 657 2111 fitutia
680 2044 878 2109 immensum
899 2045 1030 2109 aethera
1053 2067 1087 2110 se
1110 2045 1247 2128 tollant,
1272 2044 1372 2110 auda-

305 2151 357 2214 cia
379 2149 461 2214 duce
483 2156 519 2213 et
541 2147 670 2232 auspice
694 2146 778 2230 sola,
802 2167 880 2212 mox
904 2147 1023 2212 nubem
1042 2168 1101 2232 pro
1118 2147 1177 2213 dea
1193 2148 1374 2234 amplexuri

305 2258 365 2318 ant
386 2249 569 2337 liquefactis
595 2249 713 2336 pennis
739 2249 839 2314 vitreo
863 2250 971 2315 daturi
994 2250 1127 2316 nomina
1149 2258 1258 2337 ponto.

353 2355 406 2420 Me
437 2353 570 2441 quidem
595 2353 624 2418 si
646 2353 719 2438 quis
741 2360 835 2438 roget
857 2352 939 2419 utris
963 2354 1109 2438 partibus
1133 2377 1185 2419 me
1209 2355 1372 2436 addicam,

307 2480 371 2524 non
396 2479 473 2523 sane
500 2478 617 2544 negem
640 2479 692 2522 me
715 2457 823 2542 potius
847 2457 931 2523 velle
953 2458 1103 2544 progredi
1127 2480 1223 2544 quam
1247 2479 1374 2543 semper

304 2563 418 2630 ¹eodem
451 2564 522 2628 loco
553 2583 683 2628 manere
716 2568 773 2627 aut
806 2563 905 2628 etiarn
935 2562 1096 2641 recedere3
1128 2570 1161 2628 et
1188 2564 1217 2628 si
1240 2564 1373 2628 omnino

306 2667 506 2753 pereundum
539 2671 645 2748 esset,
678 2665 810 2731 mallem
841 2671 879 2732 ut
905 2666 1034 2749 Icarus,
1058 2668 1113 2752 qui
1138 2667 1271 2750 saltem,
1296 2668 1373 2731 dum

308 2770 413 2836 “coeli
436 2768 588 2855 cupidine
611 2773 734 2836 tractus
757 2769 856 2834 altius
879 2769 948 2864 egit
970 2771 1064 2853 iter,’'
1078 2770 1372 2836 adsolisviciniam

305 2877 499 2958 accesserat,
532 2873 622 2958 puris
651 2872 749 2938 maris
780 2872 934 2940 fluctibus
965 2873 1073 2956 obrui,
1099 2896 1196 2960 quam
1224 2879 1261 2941 ut
1284 2874 1373 2940 (lim-

307 2978 443 3042 mericus
470 2976 625 3060 barbarus
653 2997 726 3041 cum
761 2976 925 3064 lutulenta
953 2977 1050 3062 gleba
1078 2999 1294 3062 concrescere,
1319 2977 1373 3044 vis

306 3078 521 3165 praestantior
554 3078 660 3144 ostrea
681 3099 763 3164 quae
786 3078 859 3163 rupi
882 3079 1042 3144 adhaeret.
1093 3079 1157 3146 Sed
1183 3103 1239 3165 per
1262 3080 1373 3146 breves

306 3183 364 3268 qui
394 3182 498 3248 adhuc
528 3181 611 3246 mihi
641 3180 784 3248 concessi
815 3180 947 3247 fuerunt
974 3203 1076 3248 annos
1108 3183 1167 3249 hoc
1196 3189 1282 3250 certe
1305 3183 1374 3249 vita

308 3307 359 3350 me
389 3283 518 3368 docuit,
545 3305 610 3349 non
635 3285 758 3370 primos
782 3292 904 3350 metam
926 3285 1088 3372 attingere
1112 3288 1167 3372 qui
1190 3287 1373 3354 inconside-

308 3388 387 3453 ratis
411 3386 538 3454 nisibus
561 3387 733 3472 provolent
755 3387 892 3453 simulac
910 3389 1088 3456 carceribus
1101 3391 1304 3474 emittantur,
1317 3388 1374 3456 sed

307 3490 461 3576 majorem
491 3490 531 3556 iis
563 3511 654 3575 spem
684 3513 755 3568 esse
782 3491 932 3557 vincendi
955 3493 1012 3580 qui
1034 3493 1122 3559 lente
1143 3492 1317 3577 festinent,
1340 3498 1374 3557 et
1439 3577 1440 3580 Ἴ

303 3595 455 3660 certiores
489 3616 586 3680 quam
621 3594 788 3661 celeriores
819 3603 944 3681 ponant
973 3620 1122 3684 gressus,
1155 3604 1303 3664 caventes
1333 3619 1374 3662 ne

306 3699 458 3764 labantur
480 3719 539 3763 nec
562 3698 645 3762 vires
669 3705 956 3785 praeconsumant,
986 3702 1067 3767 bene
1091 3722 1247 3766 memores
1271 3723 1387 3787 quan--

306 3810 376 3866 tum
403 3800 501 3886 spatii
524 3801 757 3867 decurrendum
780 3809 889 3869 restet.

351 3903 438 3968 Hinc
460 3902 577 3987 litut,
602 3904 874 3989 quemadmodum
897 3905 1011 3971 laetari
1035 3906 1132 3989 soleo,
1156 3907 1298 3972 humano
1317 3927 1373 3992 ge-

305 4007 375 4072 neri
404 4005 545 4071 inditum
572 4029 641 4072 esse
667 4029 794 4074 sacrum
817 4009 978 4092 ardorem,
1002 4030 1065 4095 quo
1086 4031 1219 4075 sursum
1243 4010 1373 4074 tendere

305 4109 505 4196 impellitur,
551 4109 597 4176 sic
639 4132 785 4176 summae
826 4111 925 4178 etiam
970 4112 1156 4198 Sapientiae
1199 4113 1372 4178 documen·

306 4218 376 4278 tum
410 4212 610 4297 existimem,
647 4213 734 4299 quod
767 4214 916 4280 sublimis
951 4215 1008 4281 ille
1039 4222 1147 4282 motus
1175 4221 1373 4300 temperatur

307 4321 407 4381 terrae
431 4315 570 4401 quodam
594 4337 720 4401 amore,
744 4318 800 4404 qui
823 4316 974 4402 prohibet
989 4319 1181 4404 quominus,
1198 4317 1291 4384 firmo
1303 4319 1371 4384 solo

307 4419 433 4502 relicte,
458 4441 548 4485 mens
572 4419 715 4486 humana
730 4441 794 4485 non
809 4419 1003 4506 habeatque
1021 4421 1188 4488 innitatur.
1216 4421 1371 4488 Binarum
