3222 5170
783 428 843 489 135

294 612 376 676 ltin.
398 629 439 671 vs.
461 615 518 671 721
532 627 574 688 sq.
598 608 724 670 Hermes
740 609 782 669 sio
798 608 836 668 ad
852 609 1034 688 Trygaeum,
1051 611 1103 689 qui
1115 613 1230 690 quaerit
1242 634 1337 675 scara-

252 707 358 767 baeum
379 724 478 778 suum,
501 722 560 784 quo
580 703 739 764 reducatur
760 704 934 764 interram:

292 801 394 860 Herm.
410 802 467 866 οὐκ
488 796 601 873 ἐνθάδ’,
622 798 646 862 ὦ
665 803 737 871 ταν,
760 798 834 864 ἔστι.
859 799 946 875 Tau.
969 808 1024 864 ποῖ
1044 801 1107 888 γὰρ
1131 801 1265 890 οῖχεται;

291 898 392 956 Herm.
409 896 459 984 ὑφ’
481 895 591 983 ἅρματ’
610 894 714 961 ἐλθὼν
737 898 838 971 Ζηνὸς
862 895 1109 982 ἀστραπηφορεῖ·

293 992 490 1054 Posteriorem
520 1009 640 1050 versum
660 1007 695 1049 er
718 988 948 1068 Bellerophonte
969 995 1103 1050 sumtum
1125 1008 1187 1051 esse
1210 997 1337 1052 testatur

252 1089 395 1150 scholion.

986 1182 1099 1245 (Fragm.
1120 1184 1167 1232 314
1184 1182 1272 1245 Dind.)

293 1338 409 1400 lulum
432 1355 473 1397 vs,
496 1339 567 1398 348:

412 1439 459 1498 καὶ
483 1429 592 1499 δοῦναι
613 1432 728 1520 ῥύγχει
751 1431 892 1521 φορβάν·

293 1526 376 1588 Haec
402 1526 606 1606 Asclepiades,
634 1528 794 1588 scholiasta
819 1533 909 1601 teste,
932 1528 1078 1588 referebat
1099 1528 1137 1588 ad
1157 1528 1337 1589 versiculum
1380 1592 1383 1598 .

253 1623 287 1683 in
308 1621 462 1701 Euripidis
483 1621 688 1696 Andromeda,
711 1623 812 1683 fabula
832 1629 933 1682 tamen
953 1620 1077 1708 μηδέπω
1099 1619 1293 1710 διδαχθείσηε
1344 1678 1346 1684 ,

414 1716 542 1784 ἐκθεῖναι
563 1719 644 1793 κήτει
667 1716 808 1806 φορβάν·
1236 1715 1238 1721 ’

252 1814 312 1888 Qui
334 1831 436 1873 versus
457 1813 557 1890 potius
579 1812 617 1872 ad
637 1811 818 1891 Thesmoph.
840 1831 882 1873 vs.
907 1814 984 1873 1033
1005 1811 1173 1873 landandus
1193 1818 1266 1872 erat.

625 1908 696 1971 (Vid.
713 1908 789 1968 Diud.
806 1908 903 1972 proleg.
921 1909 953 1957 ad
969 1907 1059 1971 fragm.
1078 1908 1271 1970 Andromedae.)

294 2073 376 2139 lbld.
398 2093 440 2134 vs.
463 2078 535 2134 829:

413 2175 482 2245 πῶς
504 2168 562 2235 οὖν
584 2169 623 2236 ἴτ’
644 2169 683 2235 ἂν
702 2171 816 2255 γίνοιτ’
839 2170 877 2236 dv
897 2169 1043 2245 εὔτακτος
1064 2169 1178 2244 πόλις,

415 2268 496 2330 ὅπου
519 2268 577 2330 xri·

293 2359 377 2419 Oonf.
400 2358 535 2436 Euripid.
558 2358 659 2438 Suppl.
680 2377 723 2419 vs.
745 2364 803 2420 447
810 2384 817 2419 :

414 2459 484 2530 πῶς
505 2453 563 2519 οὖν
585 2453 624 2517 ἔτ’
648 2452 686 2518 ἂν
705 2455 818 2539 γένοιτ’
841 2452 879 2516 ἂν
901 2451 1048 2526 εὔτακτος
1070 2451 1181 2526 πόλις,

416 2553 494 2614 ὅταν
516 2577 564 2623 τις
585 2551 645 2612 κτὲ.

294 2750 376 2815 inlu.
408 2770 450 2811 vs.
480 2754 560 2810 1230·
572 2749 637 2809 ·Iris
659 2749 733 2809 dicit
754 2769 784 2810 se
806 2750 942 2810 devolare
963 2751 995 2809 in
1017 2754 1126 2810 terram
1147 2756 1182 2811 ut
1202 2749 1337 2810 homines

252 2846 387 2906 hortetur
408 2864 490 2906 sacra
509 2844 584 2904 ferre

413 2941 632 3027 μηλοσφαγεῖν
654 2968 685 3004 τε
706 2936 883 3025 βουθύτοις
903 2940 950 3004 ἐπ’
972 2941 1123 3028 ἐσχάραις

415 3039 527 3104 κνισῖιν
546 3037 572 3100 τ’
594 3034 718 3121 ἆγυιός·

294 3133 371 3194 Oum
406 3134 462 3194 hoc
492 3133 557 3194 loco
588 3129 799 3192 conferendum
829 3137 875 3191 est
906 3131 1102 3210 Euripideum
1122 3131 1337 3208 'fragmentum

253 3229 328 3306 (oso
350 3228 468 3308 Dinon:

413 3324 613 3411 μηλοσφαγεῖ
636 3352 667 3388 τε
690 3319 847 3405 δαιμόνων
873 3324 918 3387 ἐπ’
942 3324 1104 3411 ἐσχάραις-

253 3418 316 3481 Nec
348 3419 410 3480 veri
440 3418 584 3479 dissimile
619 3423 664 3478 est
694 3415 774 3496 quod
804 3416 959 3478 Nauckius
991 3416 1130 3495 conjicit,
1163 3414 1337 3494 Euripidem

255 3514 403 3576 addidisse
424 3520 514 3600 κνισᾷ
535 3515 560 3577 τ’
583 3513 706 3600 ἀγυιάς·

297 3717 379 3782 lbld.
402 3736 444 3778 vs.
468 3720 545 3779 1238
567 3736 631 3798 sqq.
652 3718 711 3778 ista
732 3716 821 3778 Iridis
842 3718 931 3779 verba
952 3719 1105 3795 legrmtur:

422 3815 446 3878 ὦ
470 3817 552 3900 μῶρε
577 3819 674 3902 μῶρε,
694 3815 735 3896 μὴ
755 3812 835 3879 θεῶν
857 3811 932 3880 κῖνει
954 3818 1070 3902 φρένας

419 3906 522 3984 δεινός
530 3952 539 3982 ,
563 3913 650 3984 ὅπως
671 3911 713 3991 μή
735 3936 795 3973 σου
817 3913 913 3994 γένος
933 3906 1143 3995 πανώλεθρον

421 4007 499 4078 Διὸς
520 4005 659 4090 μακέλλῃ
679 4008 742 4069 πῖιν
765 4004 945 4093 ἀναστρέψῃ
969 4009 1062 4080 Δίκη,

419 4099 534 4184 λιγνὺς
557 4097 588 4165 δὲ
610 4105 697 4182 σῶμα
719 4105 767 4163 καὶ
790 4095 897 4181 δόμων
922 4099 1117 4186 περιπτυχὰς

419 4194 637 4282 καταιθαλώσῃ
659 4223 718 4259 σου
741 4199 922 4275 Λικυμνίαις
943 4192 1075 4281 βολαῖς·

301 4291 360 4350 Hic-
390 4296 638 4350 commemoratur
664 4289 837 4369 Licymnius
859 4289 1011 4368 Euripidis
1033 4291 1201 4368 tragoedia,
1223 4291 1259 4350 do
1281 4311 1339 4369 qua

260 4394 361 4446 tamen
391 4386 440 4445 vix
468 4385 627 4465 quicquam
647 4393 753 4446 uotum
774 4391 829 4446 est.
850 4385 967 4447 Versus
982 4405 1056 4466 quos
1077 4386 1216 4466 exscripsi
1238 4406 1340 4448 omnes

260 4481 358 4542 nescio
379 4480 452 4559 quid
473 4481 579 4559 tragici
599 4483 727 4562 spirant,
749 4486 784 4541 ut
804 4500 897 4560 paene
917 4481 1018 4542 credas
1039 4501 1100 4542 esse
1122 4482 1307 4562 Euripideos.
