3216 5154
765 377 804 437 21

251 559 392 648 animive
421 558 558 624 humani
586 556 799 622 confunderet
815 566 835 621 ¹.
876 555 930 623 Sic
953 559 1086 644 Jupiter
1109 565 1143 624 et
1166 561 1326 628 aetherei

250 675 336 758 idern
371 674 436 738 fere
469 670 700 758 significant²;
736 671 822 736 inter
859 665 1006 737 Cererem
1043 679 1075 736 et
1110 678 1228 738 terram
1269 675 1325 740 vix

251 789 423 872 quiequam
453 785 609 851 interesse
632 790 729 870 putat
745 793 775 860 ³3
800 805 903 868 neque
927 783 1039 849 Venus
1063 807 1082 849 a
1106 784 1139 849 vi
1161 788 1325 870 genetrice

250 901 378 964 diversa
412 898 442 963 ei
476 897 605 963 videtur
620 897 642 960 ⁴.
692 896 763 962 Duo
798 917 863 960 non
899 918 970 961 raro
993 898 1130 962 numine
1152 898 1267 965 miscet
1291 900 1325 964 in
1419 984 1421 989 .

251 1033 370 1094 unum,
396 1010 544 1081 Cererem
567 1031 643 1095 eg.
669 1014 703 1075 et
727 1008 870 1093 Cybelen
886 1017 909 1075 ⁵.
945 1008 1175 1080 Narrationem
1198 1011 1240 1077 de
1261 1012 1325 1077 diis
1375 1019 1378 1026 “

250 1124 306 1189 ubi
329 1124 427 1188 nimis
451 1123 603 1189 censebat
626 1121 804 1207 puerilem,
830 1119 940 1206 eliqua
964 1121 1236 1208 interpretatione
1250 1125 1324 1210 phi-

249 1236 416 1322 losophice
449 1236 616 1300 meliorem
649 1235 679 1300 ei
718 1234 876 1320 subjicere
907 1257 1041 1303 sonsum
1075 1237 1245 1303 studebat:
1279 1238 1325 1303 sio

250 1350 400 1433 mythum
429 1349 469 1416 de
501 1349 628 1414 Baccho
659 1371 698 1416 ex
721 1347 816 1413 Jovis
840 1348 961 1416 femore
985 1355 1062 1415 nato
1086 1371 1144 1436 per
1165 1351 1324 1437 etymolo-

248 1463 357 1549 gicum
382 1471 602 1533 eornmentum
627 1455 691 1528 sibi
715 1462 804 1528 visus
828 1468 879 1528 est
894 1462 1056 1547 explicare
1070 1471 1101 1547 ⁶,
1119 1463 1200 1532 mire
1213 1469 1323 1530 tamen

249 1577 442 1661 absurdum,
470 1599 552 1664 quse
575 1581 645 1643 erut
667 1576 875 1661 antiquorum
900 1575 1071 1644 hominum
1093 1576 1129 1640 in
1153 1578 1324 1643 verborum

250 1689 429 1776 originibus
453 1688 692 1776 investigandis
716 1688 888 1774 imperitia.

295 1804 369 1870 Non
394 1813 503 1870 temen
526 1804 613 1870 ultra
635 1802 856 1870 dubitationes
871 1824 1060 1888 progressus
1077 1808 1142 1882 est3
1160 1825 1325 1889 quumque

250 1917 354 2001 viam,
391 1938 455 2003 qus
486 1916 669 1999 institerat,
703 1936 768 1984 non
800 1916 840 1982 ud
877 1915 975 1982 finem
1010 1916 1204 2001 decurrerit,
1235 1917 1325 1982 athei

250 2052 368 2100 nomen
394 2016 515 2095 bousb
539 2030 629 2096 omni
650 2035 742 2115 parte
762 2029 796 2098 in
808 2051 882 2130 eurn
897 2029 1086 2114 competit⁷.
1115 2030 1201 2111 Quid
1214 2039 1324 2096 sutem

282 2193 290 2225 ¹
310 2195 342 2243 Κ.
368 2193 398 2246 0.
424 2193 517 2244 Miiller
540 2193 725 2256 Prolegomenn
749 2206 781 2266 ρο
806 2192 877 2242 einer
897 2192 1150 2243 wissenschaftlieben
1166 2192 1326 2257 Mythologie

249 2284 355 2347 pag.90:
372 2282 529 2348 “Aeschylus
537 2275 852 2347 nndSopholrlesglnnbten
859 2284 989 2343 noch,und
995 2285 1128 2335 diethter
1136 2286 1240 2334 standon
1248 2285 1326 2334 ibnen

249 2373 292 2421 “in
300 2373 369 2422 ihrer
376 2372 575 2423 Persbnliehkeit
583 2373 738 2434 labbadon
746 2375 878 2426 wirkliehe
885 2378 986 2435 wesen,
994 2391 1040 2427 vor
1049 2378 1153 2442 Augen.
1169 2377 1325 2440 BeiEuripi·

250 2465 311 2514 “des
327 2465 387 2514 eber
403 2464 437 2514 ist
453 2463 495 2520 sin
511 2465 946 2529 gewissesPhilosophirsn,sreilieh
958 2464 1121 2514 einniemlieh
1131 2463 1327 2514 schwenkendes

250 2555 316 2603 “und
322 2555 550 2615 nnentscbiedenes,
557 2554 605 2604 fest
613 2556 759 2620 gennnndie
768 2554 1058 2619 Stelledermythisehen
1064 2554 1182 2619 Religion
1188 2555 1327 2618 getreten.''

282 2641 294 2675 ²
310 2645 376 2694 Zeus
395 2665 423 2690 -.-
443 2644 529 2695 esther
545 2645 571 2692 in
588 2645 678 2709 fragm.
696 2647 746 2695 836
762 2646 864 2708 Wegn„
881 2645 931 2706 936
948 2643 1035 2694 Dind:

445 2734 507 2799 ὁρᾷς
524 2735 571 2783 τὸν
587 2733 654 2799 ὑψοῦ
672 2733 739 2784 τόνδ’
757 2737 864 2798 ἄπειρον
881 2732 969 2797 αἰθέρα

444 2826 486 2873 καὶ
503 2828 554 2890 γῆν
570 2823 641 2890 πέριξ
656 2823 741 2889 ἔχονθ’
757 2824 847 2894 ὑγραῖς
863 2824 892 2878 ἐν
908 2822 1033 2890 ἀγκάλαις
1041 2841 1048 2884 3

445 2917 538 2964 τοῦτον
555 2915 639 2978 νόμιζε
656 2918 738 2976 Ζῆνα,
756 2911 823 2963 τόνδ’
841 2913 906 2978 ἡγοῦ
924 2911 989 2962 θεόν.

251 3017 311 3067 orreo
328 3020 360 3053 ex
377 3003 454 3053 Ennii
469 3004 585 3054 versione
602 3003 691 3055 (licere
707 3005 737 3053 de
754 3004 787 3054 N.
805 3004 884 3054 Deor.
901 3003 937 3059 11,
953 3004 970 3052 2
987 3001 1023 3050 sio
1038 3003 1110 3050 citat:

348 3098 432 3158 aspice
450 3095 494 3143 lwo
511 3095 617 3144 mblirne
634 3095 755 3153 candens,
770 3110 844 3159 quem
860 3096 983 3145 toz-omns
998 3107 1083 3141 muner
1098 3092 1194 3144 doeens.

251 3183 292 3234 Sic
308 3183 383 3232 etiem
400 3183 491 3247 fragm.
507 3184 557 3236 869
573 3185 660 3235 nine:

512 3271 570 3324 ἀλλ’
587 3273 664 3337 αἰθὴρ
680 3274 755 3324 τίκτει
772 3289 809 3331 σε,
824 3272 900 3336 κόρα,

510 3364 570 3420 Ζεός
587 3365 616 3420 ’ὸς
632 3362 681 3424 (ἐν)
698 3362 845 3425 ἀνθρώποις
862 3361 1018 3424 ὀνομάζεται.
1042 3423 1045 3428 1

285 3454 295 3484 ³
312 3455 363 3503 Vd.
379 3452 508 3503 Phoeniss.
525 3465 562 3501 vs.
580 3453 712 3502 sul-693
728 3461 753 3500 et
768 3451 833 3500 conf.
851 3450 942 3499 Bacch.
959 3465 996 3500 vs.
1013 3451 1063 3500 275
1080 3463 1116 3510 sq.

285 3546 294 3575 ⁴
312 3546 363 3595 Vd.
380 3543 482 3607 Hippot.
499 3556 536 3590 vs.
553 3543 603 3594 447
620 3556 671 3605 sqq.
689 3542 760 3601 etde
778 3540 824 3589 boe
839 3540 893 3594 loeo
911 3557 935 3590 v.
953 3539 1076 3602 Limburg
1093 3540 1217 3590 Brouwor
1232 3539 1331 3588 Praese

251 3651 309 3684 over
326 3634 467 3698 Euripides
482 3647 540 3696 pag.
559 3631 613 3691 132,
629 3631 653 3680 3.
1333 3615 1336 3620 ’

284 3722 363 3774 ‘Vd
381 3724 473 3773 Helen.
491 3739 527 3773 vs.
548 3723 719 3777 1317-1384.

286 3811 296 3843 ⁶
312 3817 389 3878 μηρὸς
407 3839 440 3850 -
457 3812 564 3878 ὅμηρος,
581 3811 665 3862 Bsoch
690 3825 725 3859 vs.
742 3811 792 3864 286
808 3809 929 3874 sqq.;nisi
937 3809 1109 3874 interpolatori
1118 3810 1159 3861 hie
1166 3808 1327 3859 locusdebee·

253 3913 305 3961 tur,
322 3912 350 3952 ut
366 3904 517 3952 contendunt
534 3901 680 3954 Dindorfins
697 3900 788 3964 aliique
804 3900 970 3958 recentiorem
987 3899 1019 3948 ef.
1036 3899 1097 3962 Gap.
1115 3900 1140 3948 V
1151 3898 1329 3948 versusllnem.
1418 3971 1420 3975 Ι

286 3993 295 4028 ⁷
312 3992 399 4042 Verba
423 3991 552 4055 Talthybii
575 3991 601 4038 in
619 3989 723 4039 Hecuba
739 4005 768 4037 vs
794 3990 844 4038 488
860 4003 910 4052 sqq.
929 3988 990 4038 mihi
1008 3989 1124 4038 videntur
1141 3988 1219 4051 ipsius
1236 3995 1330 4050 poetae

253 4083 362 4134 animum
380 4081 543 4138 ἱνδοιάζοντα
559 4089 711 4130 monstrare:

276 4157 280 4166 ¹
448 4172 467 4218 d
485 4172 540 4231 Ζεῦ,
558 4171 581 4218 τί
599 4168 674 4231 ditm
693 4168 788 4234 πότερά
805 4167 827 4217 τ’
845 4168 997 4234 ἀνθρώπους
1014 4167 1089 4233 ὁρᾶν,

449 4261 465 4320 ὴ
482 4259 559 4316 δόξαν
575 4261 660 4318 ἄλλως
676 4257 749 4319 τήνδε
766 4257 898 4318 κεκτῆσθαι
913 4258 1011 4322 μάτην,

451 4349 554 4415 ψευδῆ,
572 4350 709 4407 δοκοῦντας
727 4347 855 4412 δαιμόνων
872 4349 937 4396 εἶναι
954 4345 1060 4412 γένος,]’

450 4439 529 4504 τύχην
545 4439 569 4488 δὲ
587 4440 673 4488 πάντα
690 4439 738 4488 τόν
755 4437 860 4502 βροτοῖς
877 4438 1038 4496 ἐπισκοτιῐνς
