3222 5170
677 968 852 1046 CAPUT
874 970 970 1045 VII.

441 1190 617 1236 EURIPIDES
639 1189 801 1236 'l'RAGlOAE
824 1191 1012 1238 DIGNITATIS
1036 1192 1207 1239 Panormos.

729 1366 896 1379 νννννννυψ

329 1501 522 1572 Accedimus
563 1505 605 1571 ad
629 1527 747 1572 novam
770 1509 1025 1590 accusationem,
1050 1510 1197 1595 quamvis
1223 1532 1296 1575 cum
1321 1533 1358 1575 ea

285 1641 381 1706 quarn
406 1626 570 1704 postremo
593 1620 663 1686 loco
686 1620 896 1687 tractavimus
920 1626 1006 1687 arcte
1016 1621 1239 1707 conjunctam:
1262 1622 1358 1687 Euri-

284 1733 394 1819 pidem
436 1733 606 1820 infregisse
646 1733 841 1820 dignitatem
879 1756 992 1800 scenae
1034 1734 1183 1820 tragicae.
1247 1735 1358 1799 Primo

284 1849 402 1913 obtutu
424 1845 544 1911 mirum
568 1846 670 1912 videri
695 1846 801 1931 possit
823 1848 884 1914 hoe
907 1848 1041 1914 crimine
1064 1848 1184 1914 accersi
1218 1850 1357 1914 eundem

285 1965 414 2047 poetam
437 1959 490 2024 cui
502 1959 652 2046 objicitur
675 1960 777 2024 nimia
788 1959 847 2024 illa
865 1983 941 2026 cura
952 1960 1177 2046 philosophiae
1195 1967 1229 2027 et
1251 1983 1357 2026 rerum

285 2055 494 2156 sublimium,
530 2073 569 2138 de
603 2095 667 2157 qua
688 2073 815 2158 egimus
839 2079 924 2139 ante.
960 2073 1023 2156 Sed
1051 2079 1198 2139 accurate
1222 2074 1357 2139 investi-

283 2185 438 2272 gantibus
461 2184 646 2270 apparebit,
670 2191 840 2271 utramque
855 2186 984 2272 culpam
1008 2207 1049 2251 ex
1062 2187 1228 2252 communi
1242 2209 1356 2272 causa,

284 2299 439 2363 nimirum
473 2320 491 2363 e
525 2297 633 2363 studio
667 2296 842 2379 novitatis,
875 2298 1042 2363 commode
1075 2299 1229 2384 explicari
1252 2322 1357 2384 posse.

284 2411 460 2478 Videamus
484 2411 563 2497 qnid
585 2411 645 2477 hac
668 2410 708 2475 de
731 2432 764 2476 re
787 2410 1023 2497 Aristophanes
1047 2411 1175 2478 dixerit.

327 2524 546 2592 Acerbissime
578 2524 613 2588 in
638 2523 707 2610 ejus
730 2523 851 2589 fabulis
875 2546 980 2617 saepe
993 2525 1144 2610 Euripidi
1167 2527 1358 2611 exprobrata

283 2639 468 2706 invenimus
492 2661 530 2703 ea
553 2658 635 2724 quae
658 2637 781 2703 comico
801 2638 995 2703 videbantur
1007 2660 1082 2703 cum
1094 2638 1235 2724 tragicae
1246 2662 1358 2706 musae

283 2753 444 2839 dignitate
466 2773 619 2838 pugnare.
646 2752 685 2815 In
709 2751 811 2816 Ranis
834 2751 936 2816 iratus
960 2751 1141 2836 Aeschylus
1166 2751 1356 2839 Euripidem

282 2866 334 2934 his
357 2864 511 2931 conviciis
535 2864 713 2930 insectatur
736 2863 799 2946 (vs.
827 2865 888 2929 841
915 2865 999 2949 sq.):

445 2982 483 3044 σὺ
505 2976 543 3054 δὴ
563 2978 606 3060 ’μὲ
626 2977 725 3050 ταῦτ’,
748 2980 772 3042 ὦ
796 2973 1153 3059 στωμυλιοσυλλεκτάδη

443 3089 491 3149 καὶ
511 3087 691 3169 πτωχοποιὲ
713 3087 762 3147 καὶ
782 3077 1093 3169 ῥακιοσυρραπτάδηὶ

282 3227 358 3271 mox
393 3203 456 3286 (vs.
494 3205 574 3291 846)
610 3202 709 3268 etiam
733 3203 919 3291 χωλοποιὸν
942 3223 1017 3267 eum
1040 3209 1141 3267 vocat.
1170 3203 1256 3283 Quid
1279 3204 1356 3270 haec

281 3319 345 3384 sibi
377 3317 481 3382 velint
504 3316 649 3402 epitheta
670 3337 786 3400 parum
809 3314 1004 3399 honorifica,
1029 3315 1272 3400 explanandum
1295 3325 1353 3383 est.

327 3430 459 3498 Scilicet
482 3427 674 3514 Euripides,
698 3427 795 3492 modo
817 3433 1036 3512 spectatorum
1058 3428 1183 3494 animos
1213 3437 1357 3495 moveret

281 3545 321 3610 dc
355 3545 469 3610 decoro
507 3564 573 3608 non
610 3541 689 3606 satis
724 3539 904 3621 sollicitus,
939 3561 1034 3626 saepe
1071 3562 1129 3626 per
1158 3521 1356 3608 adminicula

281 3658 403 3742 pusilla
438 3664 471 3722 et
493 3655 583 3721 omni
609 3653 771 3740 gravitate
798 3653 942 3719 carentia
963 3654 1200 3720 misericordiae
1223 3678 1355 3721 sensum

280 3791 412 3835 evocare
444 3768 603 3834 studebat.
654 3767 845 3852 Complures
878 3768 990 3832 heroas
1028 3767 1063 3832 in
1098 3790 1228 3834 scenam
1261 3770 1356 3835 duxit

281 3883 517 3949 claudicantes:
544 3881 738 3966 Telephum,
766 3879 1001 3964 Philoctetem,
1027 3880 1311 3966 Bellerophontem
1326 3885 1353 3960 ¹3

317 4199 322 4229 ¹
340 4199 465 4262 Euripidei
491 4198 690 4262 Bellerophontis
713 4196 839 4247 deridendi
862 4212 936 4246 causa
951 4197 1135 4260 Aristophanes
1152 4200 1290 4262 composuit
1307 4201 1353 4250 ini-

281 4288 342 4336 tium
360 4288 446 4347 Pacis,
463 4303 581 4353 perquam
597 4287 734 4348 ludicrum,
751 4287 792 4337 ubi
811 4286 941 4350 Trygaeus
958 4287 1057 4350 quidam
1078 4287 1240 4337 Atheniensis
1251 4300 1354 4352 apparet

277 4378 410 4429 ,semebaeo
425 4379 531 4427 insidens
548 4392 597 4440 quo
613 4378 686 4426 adeat
702 4375 846 4440 Olympum.
879 4376 936 4425 Vix
952 4375 1091 4424 mordacius
1108 4376 1238 4439 quicquum
1258 4384 1354 4440 poteret

281 4467 419 4530 excogitari
437 4483 508 4530 quom
527 4473 554 4514 ut
571 4467 683 4530 praepeti
700 4467 810 4528 Pegaso,
827 4467 867 4530 qui
886 4466 1025 4516 chimaerae
1042 4466 1163 4515 victorem
1181 4467 1249 4516 rexit
1266 4483 1353 4519 versus
