3222 5170
803 409 865 470 102

292 591 420 659 videtur
454 612 559 658 creare
596 591 779 662 molestiam
814 611 952 676 persona
973 612 1056 676 quae
1080 591 1214 658 recitato
1237 589 1373 675 prologo

294 689 360 772 non
382 705 523 790 amplius
547 713 698 791 apparet,
722 712 760 771 ut
784 705 818 770 in
844 704 980 772 Hecuba
1003 703 1113 771 anima
1132 703 1295 787 Polydori.

338 819 535 905 Magnopere
568 818 686 902 miror,
726 823 776 884 tot
806 818 957 908 prologos
991 818 1081 884 omni
1104 823 1174 886 arte
1199 815 1375 886 destitutos

294 938 327 996 et
350 951 453 1015 paena
473 929 616 996 insulsos
638 930 679 996 ab
697 930 855 1015 Euripide
870 951 940 996 esse
954 930 1128 1014 confectos,
1149 951 1251 1016 quum
1263 935 1375 996 tumen

291 1063 357 1108 non
382 1042 521 1112 nesciret
542 1044 703 1129 quomodo
723 1049 904 1128 opportune
919 1047 952 1110 et
973 1043 1216 1130 simplicitates
1231 1041 1374 1108 enarrari

292 1162 427 1242 possent
448 1178 530 1242 quae
555 1156 756 1226 innotescere
774 1157 929 1226 deberent
943 1157 1185 1243 spectantibus3
1208 1162 1246 1222 ut
1264 1164 1376 1222 osten-

294 1269 383 1336 ditur
416 1268 513 1336 initio
540 1269 674 1336 Medeae
694 1275 729 1336 et
750 1291 827 1356 prae
850 1270 982 1338 caeteris
1007 1269 1138 1357 egregio
1162 1269 1220 1334 illo
1244 1268 1375 1354 dialogo
1441 1273 1448 1286 '

294 1383 381 1450 unde
414 1381 532 1467 incipit
559 1381 732 1469 Iphigenia
754 1382 944 1451 Aulidensis
963 1385 983 1449 ¹.
1014 1381 1081 1452 Our
1101 1387 1199 1470 poeta
1222 1399 1376 1469 persaepe

293 1496 446 1564 maluerit
476 1495 595 1583 frigide
627 1509 661 1562 et
685 1497 790 1583 rigide
820 1519 918 1583 quam
945 1499 1061 1564 leniter
1081 1503 1115 1564 et
1138 1502 1274 1570 naturae
1297 1515 1377 1562 oon-

294 1609 460 1676 venienter
491 1610 526 1674 in
563 1610 692 1680 fabulae
732 1617 962 1696 argumentum
984 1610 1136 1677 inducere
1158 1615 1375 1696 spectatores,

294 1745 359 1788 non
390 1722 485 1789 facile
519 1721 580 1788 tibi
613 1722 843 1808 explicaverim
880 1721 937 1791 sed
970 1744 1011 1790 ne
1045 1721 1209 1808 Lessingii
1243 1719 1377 1807 quidem

293 1835 469 1904 arroteritae
505 1856 559 1902 me
593 1843 701 1900 movet
734 1843 773 1902 ut
811 1856 885 1902 eum
908 1836 943 1900 in
968 1834 1113 1920 prologis
1137 1834 1272 1920 “ipsum
1295 1832 1376 1898 artis

295 1948 488 2036 fastigium''
514 1947 666 2033 attigisse
688 1947 835 2024 credam;
858 1947 960 2012 immo
984 1946 1031 2014 sio
1054 1946 1189 2014 mallem
1211 1950 1373 2026 statuere,

294 2061 446 2149 prologos
479 2059 561 2126 utile
592 2070 626 2126 et
656 2081 721 2124 non
745 2058 862 2124 infelix
881 2059 983 2126 fuisse
999 2058 1168 2145 Euripidis
1187 2059 1376 2139 inventum,

295 2173 352 2242 sed
386 2172 422 2237 in
456 2172 497 2238 iis
533 2173 764 2259 componendis
802 2172 977 2259 dupliciter
1012 2193 1086 2238 eum
1121 2173 1251 2258 lapsum
1282 2193 1375 2254 esse,

294 2285 400 2372 primo
426 2283 565 2353 nimiam
588 2285 695 2353 locum
718 2284 860 2350 cedendo
886 2283 971 2368 diis,
997 2283 1114 2354 deinde
1138 2284 1238 2353 nimis
1265 2284 1377 2352 indul·

294 2398 402 2486 gendo
435 2394 589 2482 loquendi
631 2396 762 2464 libidini
775 2399 800 2480 ²,
831 2418 894 2483 quo
926 2398 1048 2466 factum
1081 2403 1119 2467 ut
1155 2396 1225 2482 ejus
1263 2398 1377 2464 heroes

294 2513 508 2596 heroinaeque
537 2509 607 2596 jam
640 2510 797 2576 dramatis
828 2509 924 2576 initio
950 2509 1066 2597 longas
1091 2510 1251 2576 orationes
1278 2511 1378 2579 edant

296 2648 370 2693 cum
401 2625 534 2694 caeteris
562 2623 692 2692 fabulae
713 2625 860 2710 partibus
882 2623 980 2710 plane
1008 2646 1072 2690 nou
1096 2625 1321 2703 cohaerentes,
1345 2632 1379 2690 et

296 2748 365 2806 tam
395 2739 513 2812 misere
539 2737 675 2824 frigidas
706 2743 744 2802 ut
765 2737 860 2822 pejus
883 2743 1043 2823 nequeat,
1067 2743 1168 2824 utque
1190 2737 1378 2824 Theognide

296 2852 354 2918 illo
389 2852 441 2918 cui
476 2849 570 2916 Nivis
601 2849 744 2916 inditum
777 2858 986 2934 cognomen³
1015 2849 1181 2936 digniores
1204 2850 1379 2916 videantur

297 2989 396 3052 quarn
429 2964 525 3051 poeti
557 2985 654 3050 quam
675 2951 871 3031 Aristoteles
896 2963 1076 3048 appellavit
1102 2965 1338 3050 τραγικά-οιτον
1354 2965 1377 3026 ⁴.

342 3079 390 3144 Ut
422 3077 561 3163 denique
596 3074 810 3161 respondeam
844 3075 885 3140 ad
920 3075 1003 3141 illud
1038 3075 1163 3140 dictum
1193 3074 1377 3161 Lessingii:

299 3197 365 3258 “ne
386 3190 615 3280 aegreferatis
638 3197 753 3274 poetae
776 3189 892 3255 vitium
908 3191 990 3256 —si
1012 3190 1109 3256 modo
1131 3189 1251 3258 vitium
1266 3225 1311 3238 -
1325 3187 1379 3256 oui

328 3403 518 3469 ¹n1ugrarius
540 3403 675 3466 suspicatus
699 3409 738 3452 est
762 3414 850 3450 varum
875 3400 1005 3465 prologum
1030 3401 1131 3452 fabulae
1145 3400 1265 3463 ampotis
1286 3397 1380 3462 injuria

297 3495 409 3559 periisse.
440 3492 514 3554 Quod
537 3492 558 3542 si
583 3491 619 3539 ita
642 3497 720 3548 esset,
747 3487 844 3538 felicem
865 3489 988 3552 jacturam
1011 3489 1187 3540 existimem.
1215 3490 1333 3540 Bromius
1355 3497 1381 3538 at

298 3583 422 3636 Matthiae
438 3581 537 3630 initium
553 3578 627 3644 hujus
643 3581 793 3644 tragoediae,
809 3580 973 3642 ocnseuptam
987 3579 1098 3630 uersibus
1110 3581 1283 3644 anapaesticis,
1295 3580 1380 3631 sabdi-

297 3674 382 3724 tioiom
407 3678 566 3729 comiserunt,
584 3670 616 3722 G.
633 3670 790 3720 Hermsnuus
808 3683 868 3718 vero
887 3676 975 3718 contra
994 3669 1052 3719 illos
1066 3669 1190 3720 disserens
1208 3669 1277 3734 (pag.
1293 3671 1312 3720 8
1327 3685 1381 3733 sqq.

298 3763 411 3828 prolegg.
429 3775 488 3812 suso
505 3760 627 3822 editionis)
644 3758 705 3808 mihi
723 3758 822 3821 quidem
839 3757 912 3819 piam
933 3759 1077 3820 persuadet,
1099 3760 1154 3809 siue
1169 3773 1244 3809 masa
1261 3759 1382 3822 Euripidi

296 3853 442 3919 adjudicari.
474 3851 617 3900 Diodorlius
635 3849 770 3912 genuinum
787 3861 840 3898 osse
857 3849 987 3897 exordium
1006 3851 1197 3912 anapaestieem,
1215 3849 1289 3913 eique
1306 3850 1382 3899 Euri·

298 3944 379 4007 pidem
405 3939 525 3990 minorem
549 3937 681 4000 subjecisse
704 3937 810 3986 alterum
835 3936 968 3990 iambicum
991 3945 1070 3998 putat.
1093 3965 1125 3973 —
1142 3937 1238 3986 Durius
1254 3938 1286 3985 do
1303 3935 1381 3998 hujus

297 4031 416 4082 mametis
432 4029 587 4092 expositione
603 4025 772 4077 Besnhurdius
790 4025 824 4073 l.l.
842 4039 899 4088 pag.
917 4024 1109 4087 majoricam.

331 4120 343 4154 ²
359 4119 402 4169 'nv
420 4121 474 4174 sair
490 4116 626 4182 προλόγοις
641 4114 755 4177 ὀχληρὸν
771 4127 830 4162 eum
845 4111 943 4162 vocavis
962 4120 1046 4162 mins
1063 4112 1105 4161 ille
1122 4112 1380 4176 critiousauortynus.

297 4212 366 4276 cujus
382 4209 457 4258 breve
473 4213 543 4254 extat
554 4203 676 4267 judicium
692 4202 723 4250 de
743 4202 860 4264 Euripide
881 4201 906 4248 in
924 4201 1018 4264 proleg.
1035 4201 1149 4251 Dindori.
1165 4202 1222 4261 111,
1240 4203 1332 4252 merito
1348 4203 1382 4252 ab

300 4301 347 4350 lucc
363 4298 458 4348 editore
473 4294 605 4346 laudatum.
1116 4288 1120 4295 '

333 4384 441 4437 ³Sehol.
458 4384 490 4432 ud
507 4383 585 4432 Asse.
601 4382 681 4442 Vesp.
698 4394 733 4427 vs.
754 4380 791 4426 lr.

333 4477 342 4508 ⁴
359 4474 466 4526 strictos.
483 4481 547 4536 poet.
567 4471 603 4520 13.
