3222 5170
754 417 816 478 103

246 599 407 687 “spongia
429 600 551 666 mederi
573 600 714 685 possit’':
739 600 826 666 idem
853 601 893 665 de
919 600 1069 704 omnibus
1094 601 1161 666 illis
1189 607 1320 668 senten-

244 718 299 783 tiis
332 715 566 803 philosophicis
597 717 703 799 valet,
733 703 823 794 ,inem
847 737 941 800 porro
966 714 1146 780 remedium
1169 716 1321 783 adhibere

243 833 355 916 posses
379 835 429 899 tot
451 829 605 916 episodiis
629 830 966 905 adcardinemrerum
982 849 1047 893 non
1064 829 1320 914 pertinentibus,

243 943 415 1030 permultis
439 943 537 1010 etiam
561 944 650 1010 chori
673 945 827 1022 canticis3
853 965 918 1008 non
946 963 1067 1028 paucos
1090 941 1229 1028 denique
1255 965 1321 1008 ser·
1402 1025 1403 1030 ἵ

244 1079 356 1124 mones
380 1059 499 1124 crebris
521 1059 630 1124 lituris
643 1058 677 1123 in
696 1059 808 1142 breves
823 1059 983 1144 epitomas
994 1057 1182 1123 contrahere
1192 1077 1321 1142 posses:

244 1177 343 1257 quota
366 1171 412 1237 sic
428 1172 561 1238 tandem
575 1178 758 1258 superesset
770 1194 844 1258 pars
859 1170 1042 1237 dramatum
1055 1170 1320 1257 Euripideomm!

245 1285 418 1351 Restarent
452 1307 527 1352 ossa
561 1285 669 1368 nuda,
706 1287 777 1351 sine
813 1285 882 1352 ullo
921 1285 1051 1367 decore,
1085 1283 1196 1350 ablata
1227 1305 1321 1371 carne

243 1397 410 1484 nitidaque
432 1404 513 1464 oute.

694 1558 885 1570 mn

286 1738 481 1805 Aristoteles
506 1737 612 1822 (Poet.
641 1761 709 1824 cap.
739 1742 794 1826 18)
819 1740 859 1804 de
883 1738 1040 1823 Euripide
1064 1759 1130 1802 non
1154 1737 1224 1804 sine
1240 1760 1319 1824 qua-

243 1852 319 1917 dam
351 1852 599 1937 reprehensione
631 1851 796 1938 loquitur,
830 1851 888 1916 ubi
911 1850 981 1936 agit
1005 1850 1045 1916 de
1067 1851 1216 1936 partibus
1238 1869 1320 1938 quae

242 1965 338 2030 choro
373 1966 441 2030 sint
473 1965 662 2030 tribuendae
697 1965 732 2029 in
765 1965 848 2030 bene
882 1977 1011 2030 morata
1032 1964 1206 2050 tragoedia.
1256 1967 1320 2030 Τὸν

242 2082 361 2168 χορόν,
385 2078 511 2164 inquil,
536 2081 589 2144 ἕνα
610 2075 654 2144 δεῖ
674 2076 854 2162 ὑπολαβεῖν
862 2083 926 2143 τῶν
943 2079 1137 2163 ὑποκριτῶν,
1150 2081 1197 2142 καὶ
1208 2080 1320 2163 μόριον

242 2191 318 2258 εἶναι
348 2199 405 2258 τοῦ
437 2191 533 2264 ὅλου,
566 2196 614 2258 καὶ
647 2189 935 2277 συναγωνίζεσθαι,
965 2194 1007 2274 μὴ
1039 2193 1144 2279 ὥσπερ
1167 2187 1320 2278 Εὐριπίδῃ

242 2302 317 2369 ἀλλ’
338 2306 441 2392 ὥσπερ
465 2301 630 2389 Σοφοκλεῖ·
656 2303 740 2369 (lum
763 2303 824 2368 hoe
839 2302 964 2387 judicio
981 2301 1145 2368 consentit
1163 2302 1318 2368 Horatius

241 2418 276 2482 in
309 2418 402 2485 Artis
433 2418 583 2484 Poeticae
605 2417 786 2504 praeceptis
804 2417 834 2494 ¹;
859 2416 1034 2482 manifesto
1057 2422 1167 2483 autem
1190 2415 1263 2501 ipsa
1285 2415 1319 2480 id

242 2531 357 2598 suadet
378 2532 469 2597 ratic.
498 2531 629 2598 Scilicet
651 2531 761 2596 unitas
784 2530 853 2613 illa,
878 2553 976 2616 quam
1000 2531 1035 2595 in
1059 2539 1227 2616 poetarum
1252 2538 1318 2595 tra-

240 2645 384 2731 gicorum
420 2665 486 2709 non
510 2644 619 2708 minus
643 2665 739 2730 quam
767 2643 801 2707 in
826 2639 1146 2709 aliorum'artificum
1168 2644 1318 2728 operibus

241 2758 360 2846 requiri
383 2757 543 2841 vidimus,
569 2759 602 2822 in
625 2756 713 2822 hand
736 2756 807 2821 leve
829 2763 963 2822 vocatur
985 2757 1177 2840 discrimen,
1202 2758 1230 2823 si
1255 2780 1319 2844 qua

239 2894 315 2958 pars
356 2871 495 2936 dramati
530 2869 724 2954 interjicitur
766 2891 848 2955 quae
888 2892 961 2935 cum
1003 2869 1137 2935 caeteris
1169 2870 1317 2956 partibus
1347 2951 1348 2956 ἵ

239 3007 355 3072 parum
378 2983 501 3050 nihilve
524 2985 642 3049 habeat
665 2974 845 3049 commune.
895 2983 985 3064 Quae
1008 2983 1086 3068 Cap.
1113 2985 1168 3049 ΙΙΙ
1193 2984 1208 3065 d
1234 2987 1253 3048 2
1277 2984 1317 3049 de

240 3100 313 3185 lege
346 3096 483 3163 unitatis
515 3095 668 3181 exposui,
706 3096 739 3160 in
763 3095 909 3160 animum
933 3100 1011 3161 sunt
1034 3097 1229 3183 revocanda,
1254 3119 1317 3183 qno

241 3211 359 3278 melius
391 3209 614 3296 intelligamus
650 3209 764 3296 quanti
792 3209 911 3275 referat
932 3214 973 3293 ut
995 3211 1111 3276 chorus
1134 3211 1217 3276 nihil
1240 3220 1318 3298 agat
1424 3219 1426 3224 '

241 3326 292 3392 vel
326 3324 413 3390 dieat
445 3324 531 3410 quod
563 3347 583 3388 a
608 3324 720 3389 fabula
743 3322 788 3388 sit
811 3324 963 3388 alienum.
988 3321 1166 3390 Ohororum
1191 3327 1317 3392 cantica

241 3439 318 3505 inde
340 3441 381 3506 ab
408 3441 488 3526 ipsis
509 3440 694 3526 tragoediae
716 3440 923 3506 incunabulis
950 3441 1162 3506 versabantur
1187 3433 1221 3507 in
1245 3443 1316 3508 lau-

242 3554 337 3648 dibus
372 3553 524 3638 deornm,
561 3554 711 3637 heroum,
745 3554 887 3640 patriae3
914 3555 990 3621 hinc
1013 3577 1088 3640 ergo
1111 3555 1317 3643 quidcunque
1382 3553 1386 3561 ¹

243 3668 445 3754 singularum
469 3668 653 3734 fabularum
677 3668 878 3754 argumentis
896 3667 1084 3735 conveniret
1106 3670 1317 3736 delibandum

242 3788 312 3848 erat
351 3781 457 3867 poetis
489 3781 639 3867 tragicis,
670 3781 727 3867 qui
762 3781 823 3846 hoc
855 3781 1004 3846 meliores
1040 3803 1074 3846 se
1107 3784 1317 3869 praestabant

243 3894 399 3978 artifices,
435 3915 498 3980 quo
531 3893 652 3978 majore
686 3893 878 3958 dexteritate
912 3894 1153 3979 prospiciebant
1187 3901 1225 3960 ut
1253 3897 1317 3962 ista

242 4008 390 4074 encomia
412 4013 488 4094 apte
510 4029 585 4072 cum
609 4007 739 4093 reliquis
764 4006 918 4072 dramatis
941 4007 1088 4092 partibus
1104 4015 1317 4094 congruerent

242 4121 445 4214 eundemque
468 4124 616 4206 gererent
640 4120 787 4185 colorem.
816 4120 916 4185 Porro
939 4120 1119 4186 notandum
1140 4127 1209 4204 est,
1229 4121 1317 4188 chori

278 4295 286 4327 ¹
304 4297 350 4346 Vs.
363 4297 409 4345 193
420 4311 483 4360 sqq:
502 4294 603 4344 Actoris
620 4301 700 4356 partes
720 4295 810 4370 chorus
827 4293 983 4358 officiumque
999 4296 1072 4346 virile

503 4381 629 4440 defendat,
647 4382 770 4446 neuquid
787 4383 881 4432 medios
898 4383 1027 4432 intercinat
1044 4394 1112 4432 actus

503 4472 568 4536 qnod
585 4487 633 4521 non
650 4472 774 4536 proposito
792 4473 912 4521 conducat
929 4479 954 4522 et
971 4473 1072 4522 haerent
1088 4479 1151 4535 apte.
