3222 5170
788 381 829 441 90

169 536 173 545 Ι
268 564 317 629 ita
339 567 377 628 ut
399 562 535 628 habeam
557 560 743 643 verisimile,
767 566 913 646 poetam,
938 566 1098 628 recentem
1125 561 1279 648 injuriam
1301 565 1342 629 ab

248 654 368 744 'uxore
397 676 465 761 (vel
499 674 669 758 uxoribus)
708 695 916 761 perpessum,
950 677 1012 741 toti
1045 676 1218 742 mulierum
1250 679 1343 743 sexui

163 862 170 874 ,
268 792 392 857 bellurn
427 788 600 873 indixisse,
637 793 689 871 et,
723 811 781 874 pro
816 810 874 855 suo
908 787 1033 874 ῥήσεων
1066 790 1193 874 studio,
1231 791 1342 857 sedulo

268 903 448 988 captavisse
483 901 684 968 occasionem
719 901 760 966 iis
793 901 1026 980 maledicendi3
1059 907 1233 988 postquam
1267 927 1343 971 vero

268 1016 481 1082 deferbuisset
501 1015 567 1098 ira,
588 1026 621 1080 et
637 1013 772 1080 meliora
791 1035 866 1079 eum
885 1013 1049 1080 docuisset
1067 1019 1156 1080 aetas
1170 1017 1198 1098 ¹,
1215 1017 1343 1084 exuisse

267 1135 409 1196 veterem
443 1128 656 1212 simultatem,
690 1127 782 1213 cujus
816 1127 874 1192 vix
897 1127 965 1193 ulla
982 1127 1123 1213 vestigia
1144 1128 1283 1215 reperias
1306 1130 1341 1194 in

267 1241 382 1308 multis
416 1241 485 1328 ejus
521 1262 656 1326 operum
682 1241 916 1326 posteriorum,
940 1241 997 1307 ubi
1019 1242 1072 1307 vel
1094 1242 1201 1309 favere
1223 1242 1340 1308 mulie-

268 1357 357 1422 ribus
390 1355 495 1441 possit
518 1354 591 1420 dici.
637 1354 756 1421 Fateor
779 1361 889 1421 tamen
912 1355 996 1422 hanc
1020 1355 1238 1441 suspicionem
1262 1355 1341 1420 satis

268 1475 423 1539 incertam
446 1489 534 1550 esse,
559 1466 726 1554 deperdita
747 1469 892 1533 maxima
913 1467 983 1553 ejus
1006 1469 1201 1554 scriptorum
1232 1473 1339 1554 parte3

268 1586 324 1652 sed
358 1605 424 1649 non
459 1603 541 1666 opus
576 1581 705 1648 videtur
737 1581 822 1646 haec-
839 1581 970 1667 longius
993 1583 1162 1668 prosequi,
1188 1603 1262 1647 cum
1285 1579 1341 1645 vix

250 1755 253 1760 .
267 1698 428 1764 attineant
451 1694 663 1781 adjudicium
673 1694 760 1782 quod
771 1695 811 1759 de
824 1694 982 1780 Euripide
992 1694 1072 1760 tulit
1082 1695 1318 1780 Aristophanes
1331 1743 1340 1777 ,

267 1811 323 1899 qui
357 1807 532 1876 adversarii
572 1807 683 1878 odium
718 1829 796 1893 erga
829 1806 981 1873 mulieres
1013 1807 1048 1872 in
1071 1808 1339 1893 Thesmophoria-

267 1944 421 1989 zuserum
441 1920 554 1988 fabula
577 1920 644 1987 sale
667 1920 800 2007 quidem
823 1919 947 1986 comico
969 1923 1170 2008 conspersit,
1194 1922 1250 1988 sed
1260 1921 1342 1988 citra

267 2058 397 2102 omnem
434 2035 663 2117 acerbitatem,
696 2035 799 2100 etita
827 2040 865 2101 ut
888 2036 994 2122 magis
1018 2036 1180 2122 voluptati
1214 2036 1340 2102 ridendi

267 2151 436 2237 indulgere
458 2171 556 2236 quam
580 2170 744 2215 censorem
769 2170 863 2234 agere
886 2149 1067 2216 videatur'.

300 2352 306 2384 ¹
326 2352 361 2402 Ut
377 2351 471 2403 Creiisa
486 2351 547 2401 dicit
563 2352 617 2401 Ion.
635 2368 673 2401 va.
688 2353 738 2402 399
755 2367 818 2416 sqq.:

523 2442 551 2490 ἐν
567 2445 625 2500 ταῖς
641 2447 759 2492 κακαῖσιν
775 2441 870 2507 ἁγαθαὶ
887 2443 1034 2507 μεμιγμέναι

521 2529 663 2595 μισούμεθ’·
682 2529 746 2580 οὕτω
764 2531 894 2596 δυστυχεῖς
912 2532 1064 2599 πεφύκαμεν.

297 2621 392 2670 Notum
417 2630 455 2671 est
479 2620 608 2684 Sophoclis
624 2621 718 2670 dictum
734 2635 815 2670 crasse
832 2621 948 2680 facetum,
964 2621 1110 2685 Euripidem
1126 2621 1242 2672 mulieres
1258 2623 1339 2671 odisse

263 2710 289 2758 in
306 2711 435 2774 tragoedia
451 2710 546 2768 solnm,
563 2724 613 2760 non
625 2689 692 2760 'vero
708 2711 734 2759 in
749 2711 834 2760 cubili.
868 2712 964 2761 Athen.
981 2712 1052 2762 XIII
1058 2748 1066 2769 .
1082 2713 1131 2766 5⁵7
1149 2726 1171 2761 a.

297 2799 462 2850 'Bernhard
489 2799 505 2849 l.
528 2800 545 2850 l.
566 2816 622 2864 pag.
644 2803 705 2850 396:
726 2801 839 2850 “Zuletat
856 2801 921 2849 blisb
938 2802 985 2851 dan
1003 2802 1143 2852 Komikcrn
1169 2801 1227 2851 kcin
1245 2809 1338 2851 eructes

264 2890 361 2939 “Motis
378 2890 448 2939 mehr
465 2889 551 2953 bbrig,
566 2893 617 2939 und
633 2891 674 2939 cin
690 2890 768 2953 vdllig
785 2891 952 2953 persdnlicbsr
968 2891 1023 2954 Zug
1040 2897 1134 2940 musste
1151 2891 1199 2940 den
1216 2891 1338 2941 wesentti·

265 2980 342 3029 “chan
360 2979 426 3030 stoff
438 2995 468 3028 zu
484 2981 533 3028 den
549 2965 825 3044 Thesmophoriazusen
841 2979 993 3045 hergebenf·
