3222 5170
795 389 836 450 89

280 571 382 637 teneri
404 571 586 657 ‚sanctique
612 571 748 654 amoris,
783 573 840 638 sed
872 573 1000 640 ardores
1019 575 1195 662 juvenum,
1218 582 1298 667 quin
1321 589 1354 650 et

279 683 490 768 maritorum,
511 685 622 769 potius
640 685 845 751 hetaerarum
857 689 1085 754 consuetudini
1097 694 1351 766 reservabantur.

280 796 397 862 Castus
421 796 522 882 igitur
542 797 627 862 inter
642 818 799 882 sponsum
811 821 1029 888 sponsamque
1040 804 1092 870 vel
1103 806 1189 871 inter
1200 809 1353 896 conjuges

278 931 368 974 amor
399 930 514 995 parum
551 917 672 995 aptam,
707 913 907 980 meretricius
942 938 1036 1001 vero,
1066 918 1176 984 licitus
1201 903 1273 1006 etsi,
1286 944 1352 989 non

278 1021 464 1107 legitimus,
489 1045 605 1108 parum
629 1024 765 1109 dignam
788 1026 964 1110 praebebat
985 1031 1153 1096 materiem
1166 1055 1264 1120 quam
1277 1038 1352 1103 serii
1411 1033 1414 1044 '

277 1139 392 1220 poetae
415 1120 575 1200 canerent.
602 1135 716 1220 Neque
740 1138 830 1234 salva
846 1141 1012 1225 republica
1023 1141 1093 1227 illa,
1110 1167 1193 1230 quae
1210 1157 1353 1217 creverat

278 1267 334 1330 per
356 1246 477 1311 civium
500 1246 598 1311 robur
621 1255 654 1312 et
677 1271 810 1334 nervos,
835 1252 1006 1320 videbatur
1018 1257 1192 1324 mulierum
1207 1263 1352 1329 conditio

277 1347 397 1424 mutari
407 1380 511 1444 posse.
535 1361 683 1426 Mascula
694 1369 804 1429 autem
817 1371 850 1431 et
862 1388 972 1433 severa
984 1372 1351 1462 tragoediaAeschylea,

277 1493 374 1556 quam
399 1473 542 1539 comicus
566 1473 660 1540 unice
682 1477 841 1561 probabat
864 1487 897 1545 et
920 1481 1046 1548 civitati
1067 1484 1205 1554 ducebat
1224 1491 1351 1574 utilem,

276 1605 341 1648 non
376 1583 514 1668 majores
542 1586 739 1654 'mulieribus
775 1590 932 1657 tribuerat
954 1603 1062 1678 partes
1087 1619 1185 1683 quam
1209 1623 1288 1688 quas
1317 1605 1351 1669 in
1424 1673 1425 1678 ,

276 1696 348 1780 ipsa
368 1696 437 1762 vita
449 1697 599 1782 agebant.
627 1701 693 1765 Σὸν
706 1697 733 1766 δ’
744 1700 781 1766 αὖ
792 1703 827 1766 τὸ
839 1708 934 1790 σιγᾶν
946 1710 995 1770 καὶ
1006 1711 1107 1791 μένειν
1118 1711 1190 1778 εἵσω
1203 1711 1309 1797 δόμων
1321 1720 1330 1758 ¹
1342 1741 1349 1777 τ
1368 1779 1371 1783 .

275 1807 353 1874 haec
387 1809 484 1874 verba
517 1808 661 1876 Eteoclis
685 1811 726 1876 ad
749 1813 885 1879 chorum
915 1816 1140 1887 Thebanorum
1163 1801 1349 1916 mulierum,

275 1921 354 1988 dum
377 1922 450 1989 urbi
472 1923 778 2010 appropinquabant
801 1927 912 1995 hostes
936 1931 1201 2022 lamentantium,
1223 1945 1350 2029 egregie

275 2035 463 2120 exprimunt
497 2037 576 2123 quid
612 2039 793 2123 Aeschylus
829 2041 869 2108 de
903 2066 983 2111 sexu
1018 2048 1173 2119 debiliore
1200 2058 1347 2124 senserit.

275 2146 359 2214 (lum
392 2171 429 2214 eo
465 2155 576 2216 autem
597 2150 738 2216 faciebat
760 2153 1019 2243 Aristophanes,
1044 2163 1185 2231 novitati
1208 2169 1348 2237 infestus

274 2267 308 2326 et
341 2260 544 2328 mollioribus
579 2263 692 2336 animi
716 2265 865 2333 sensibus
901 2278 964 2334 n'on
1000 2272 1047 2338 ita
1072 2278 1221 2366 pervius,
1247 2305 1347 2368 quum

273 2374 463 2458 praesertim
487 2377 616 2442 timeret
639 2399 680 2442 ne
702 2399 759 2462 per
781 2402 891 2446 musas
913 2384 1105 2472 Euripideas
1126 2414 1216 2458 amor
1229 2395 1368 2480 juvem

204 2498 207 2503 ·
274 2485 339 2551 tuti
362 2486 559 2553 Atheniensi
574 2490 856 2558 commendaretur
868 2500 1023 2582 tanquam
1037 2523 1087 2566 res
1098 2505 1203 2571 multo
1216 2510 1346 2595 maJ'oris

273 2597 431 2664 momenti
454 2621 551 2684 quam
575 2622 595 2665 a
616 2601 764 2686 patribus
788 2604 918 2672 habitus
942 2617 1035 2676 esset.
1072 2661 1076 2671 .
1142 2629 1144 2636 “

318 2710 408 2775 Haec
432 2711 542 2776 omnia
564 2712 593 2776 si
605 2713 688 2778 bene
699 2717 948 2804 perpendimus,
966 2723 1013 2789 ita
1024 2748 1124 2813 prope
1136 2736 1347 2812 statuendum

273 2823 353 2890 erit:
389 2823 630 2890 accusationem
664 2827 704 2891 de
738 2849 803 2913 qua
836 2853 922 2899 nuno
954 2837 1082 2921 agimus
1112 2845 1219 2960 prirpp
1240 2848 1347 2916 fronte

272 2936 369 3022 plane
404 2935 523 3033 falsam
558 2936 680 3021 videri,
714 2961 772 3006 nec
796 2963 905 3009 revera
927 2947 968 3012 ab
992 2952 1081 3016 omni
1101 2963 1346 3049 pestep'robari

272 3071 386 3134 posse;
411 3050 468 3115 sed
491 3055 623 3134 tamen,
647 3053 744 3118 modo
767 3059 1061 3144 recteexplicetur,
1076 3067 1217 3135 multum
1230 3073 1346 3141 habere

271 3184 335 3248 quo
370 3183 404 3226 se
438 3167 588 3249 tueatur,
625 3173 675 3250 et,
713 3167 741 3232 si
773 3159 811 3234 ut
833 3192 891 3257 par
918 3180 969 3240 est
985 3175 1151 3259 judicetur
1174 3207 1214 3249 ex
1236 3195 1346 3254 mente

271 3276 515 3361 Aristophanis,
554 3278 639 3342 nihil
662 3288 747 3347 certe
771 3283 876 3351 inesse
902 3288 1092 3360 calumniae.
1120 3297 1213 3377 Quod
1235 3309 1345 3368 autem

271 3389 391 3454 attiriet
414 3389 456 3454 ad
479 3390 569 3455 istud
593 3393 766 3461 mulierum
790 3398 902 3466 odium
926 3405 1011 3472 unde
1034 3413 1084 3475 tot
1098 3410 1183 3479 risus
1191 3414 1346 3503 jocosque

270 3503 364 3569 duxit
399 3504 656 3591 Aristophanes,
680 3508 715 3573 id
738 3512 870 3596 quidem
887 3515 958 3601 jam
979 3524 1221 3615 perspeximus,
1247 3531 1344 3598 Euri-

269 3616 389 3701 pidem,
427 3618 455 3682 si
486 3619 597 3684 oderat
621 3621 790 3708 mulieres,
816 3627 931 3693 saltem
956 3653 1009 3698 eas
1034 3657 1099 3701 non
1122 3645 1341 3713 contemsisse.

269 3730 315 3795 At
348 3730 458 3815 ipsum
492 3731 576 3796 illud
601 3733 713 3799 odium
741 3759 806 3802 uon
830 3740 1006 3810 admodum
1028 3754 1136 3834 potuit
1159 3779 1229 3824 esse
1252 3783 1342 3848 acre,

269 3849 354 3907 certe
377 3865 442 3908 non
465 3845 617 3931 pertinax
624 3893 633 3928 ,
658 3868 758 3932 quum
784 3857 833 3916 tot
852 3853 1000 3924 heroiuas
1024 3863 1232 3937 celebraverit
1255 3877 1344 3941 omni

269 3956 365 4021 laude
400 3957 526 4043 dignas.
565 3959 721 4026 Notabile
751 3965 836 4030 mihi
857 3969 1001 4058 videtur,
1026 3999 1100 4044 eum
1124 3983 1158 4048 in
1181 3987 1342 4070 prioribus

269 4068 388 4135 fabulis
412 4071 558 4156 (Medea,
585 4073 782 4162 Hippolyto)
807 4081 911 4148 multo
935 4087 1287 4170 vehementiusinvehi
1307 4107 1342 4173 in
1447 4097 1451 4106 ⁷

270 4183 422 4249 mulieres
445 4205 543 4268 quam
568 4185 602 4248 in
625 4186 665 4252 iis
686 4209 765 4272 quas
782 4185 1011 4267 maturioribus
1027 4208 1122 4274 annis
1141 4221 1340 4300 composuit3
1432 4296 1434 4300 Α

304 4432 311 4463 ¹
330 4432 423 4481 Aesch.
440 4434 508 4497 Sept.
527 4450 547 4483 c.
566 4437 647 4486 Theb.
666 4455 701 4488 vs.
719 4443 775 4491 232.
