3222 5170
747 408 808 470 113

242 590 343 657 habeo
380 591 535 674 dicenda,
559 590 644 656 infra
666 591 700 656 in
723 591 870 677 catalogo
894 613 1045 659 versuum
1068 593 1315 682 Euripideorum

215 719 216 722 ’
242 706 282 772 ab
301 705 520 791 Aristophane
542 703 812 791 πεπορῳδημένων
834 706 900 792 legi
920 714 1067 791 possunt.
1095 709 1243 797 Denique
1254 711 1317 778 huc

242 819 384 902 pertinet
413 820 531 884 Ranar.
558 841 603 884 vs.
635 821 719 902 849,
741 819 797 884 ubi
820 818 1002 904 Aeschylus
1026 821 1125 888 bilem
1152 823 1197 895 iu¹
1219 825 1317 889 Euri-

243 931 351 1016 pidem
375 931 544 998 effundens
566 931 653 998 inter
676 933 740 997 alia
763 932 844 998 dicit
863 955 937 998 eum
961 937 1117 1017 Κρητικὰς
1150 935 1316 1023 συλλέγειν

241 1043 408 1130 μονῳδίας.
456 1046 519 1112 Hic
553 1069 665 1113 versus
699 1047 779 1112 olim
810 1047 920 1114 minus
943 1055 1029 1114 recte
1052 1047 1317 1134 intelligebatur,

243 1180 344 1244 quum
366 1141 583 1246 ¹adjectivum
619 1161 775 1246 Κρητικὰς
808 1160 964 1226 referrent
996 1161 1038 1226 ad
1076 1161 1245 1227 materiem
1277 1162 1318 1226 ab

242 1270 400 1358 Euripide
433 1277 605 1338 tractatam
644 1271 679 1336 in
712 1271 824 1338 fabula
857 1273 1066 1339 Cretensibus
1100 1278 1158 1339 aut
1182 1273 1316 1340 Cressis.

243 1384 425 1452 Fritsohius
463 1408 537 1452 vero
571 1385 686 1451 attulit
710 1386 872 1451 Athenaei
899 1384 1008 1452 locum
1029 1385 1061 1450 V
1091 1408 1164 1472 pag.
1196 1388 1281 1453 l8lb
1295 1387 1317 1470 ¹,

243 1497 373 1564 atinde
396 1499 507 1565 docuit
530 1500 583 1565 hic
609 1499 774 1585 designari
796 1499 923 1566 cantica
935 1523 1017 1586 quae
1032 1500 1073 1566 ab
1086 1501 1199 1566 eodem
1211 1508 1318 1567 actore

244 1615 277 1674 at
299 1616 470 1678 cantentur
493 1618 526 1677 et
547 1612 723 1699 saltantur,
736 1612 845 1699 qualia
859 1613 1319 1701 tuopxtporaaCretensibus

244 1744 313 1788 esse
352 1723 485 1789 inventa
524 1729 663 1790 testatur
696 1725 885 1791 Athenaeus
919 1725 986 1808 l.l.,
1011 1749 1113 1812 quum
1136 1726 1317 1813 antiquitus

244 1859 281 1902 ea
315 1837 369 1902 lex
405 1836 439 1901 in
473 1857 568 1902 scena
604 1837 728 1923 tragica
750 1838 872 1904 valeret
895 1844 933 1904 ut
956 1839 1040 1904 alius
1062 1845 1211 1922 caneret,
1234 1839 1318 1907 alius

244 1950 284 2015 ad
313 1949 381 2035 ejus
404 1950 501 2015 verba
521 1950 673 2035 saltaret,
698 1956 732 2016 et
746 1951 781 2016 in
794 1951 898 2018 choris
922 1963 1054 2038 quoque'
1062 1952 1163 2018 altera
1186 1953 1320 2020 choreu-

244 2069 351 2127 tarum
384 2084 458 2148 pars
493 2071 646 2148 cantum,
674 2065 776 2130 altera
803 2065 1010 2132 saltationem
1030 2071 1206 2152 perageret
1257 2066 1321 2131 Pro

244 2176 402 2262 exemplis
414 2176 530 2244 talium
543 2180 775 2267 ὑπορχημάτων
797 2178 940 2245 citantur
955 2177 1079 2246 Orestis
1090 2199 1137 2244 va
1152 2181 1216 2244 982
1228 2201 1297 2265 sqq.
1311 2228 1319 2261 ,

248 2293 332 2357 1369
357 2314 447 2385 sqq.,
472 2292 640 2359 Phoeniss.
666 2315 712 2358 vs.
739 2296 800 2359 301
828 2315 896 2379 sqq.

290 2406 420 2472 Certum
451 2413 485 2472 et
504 2428 569 2472 non
594 2407 779 2472 mirandum
803 2413 871 2490 est,
907 2406 1098 2491 Euripidem
1122 2406 1216 2472 valde
1239 2406 1321 2470 dile·

245 2519 332 2584 xisse
366 2519 556 2601 monodias,
594 2541 674 2604 quas
704 2518 937 2604 pulcherrimas
969 2539 1068 2603 saepe
1094 2518 1278 2602 composuit
1295 2523 1319 2600 ²,

245 2632 341 2697 modo
365 2653 406 2697 ne
432 2653 469 2696 aa
489 2630 614 2696 trutina
625 2631 790 2697 examines
803 2653 867 2717 qua
877 2630 1020 2697 comicus
1031 2678 1040 2713 ,
1053 2651 1157 2715 neque
1172 2629 1319 2715 profecto

246 2744 384 2831 injuria,
421 2745 604 2830 tragoedias
640 2745 836 2831 perpendere
870 2744 1003 2810 solebat.
1052 2743 1092 2808 In
1121 2743 1162 2808 iis
1192 2764 1320 2828 quoque

246 2882 349 2946 genus
381 2859 518 2925 canendi
553 2864 687 2944 apparet
721 2858 819 2923 molle
856 2863 889 2922 et
922 2856 1029 2923 flebile
1041 2905 1050 2940 ,
1083 2877 1199 2942 parum
1225 2877 1321 2940 saepe

247 2973 358 3057 virile,
393 2972 558 3038 interdum
595 2993 697 3057 paene
726 2969 936 3056 languidum,
963 2977 997 3036 et
1023 2969 1063 3036 iis
1086 2968 1320 3035 blandimentis

247 3085 389 3151 matricis
413 3085 610 3171 musicisque
631 3090 801 3168 ornatum,
824 3107 925 3170 quae,
948 3085 989 3150 ab
1002 3084 1137 3170 antiqua
1148 3069 1321 3167 seuereque

249 3197 422 3264 sobrietate
456 3219 587 3284 prorsus
617 3197 743 3281 aliana,
776 3197 1009 3263 contumeliose
1042 3196 1082 3289 ab
1107 3195 1324 3281 Aristophane
1383 3251 1385 3258 ,
1412 3237 1413 3240 =

249 3317 405 3377 vocantur
432 3315 592 3400 μύρμηκος
613 3312 749 3398 ἀτραποί
762 3314 785 3376 ³.
821 3311 992 3378 Caeterum
1028 3332 1110 3396 quae
1137 3309 1177 3374 de
1209 3307 1323 3373 metris

250 3423 383 3489 variatis
395 3423 505 3508 'deque
528 3423 656 3488 novatis
678 3423 821 3490 musicae
839 3422 968 3509 legibus
993 3423 1136 3508 (parcius
1149 3442 1247 3507 quam
1267 3442 1325 3485 vo·

170 3533 171 3536 '
250 3539 390 3624 lucram)
423 3537 609 3622 observavi,
643 3538 685 3602 ad
724 3538 892 3605 monodias
925 3560 991 3603 non
1024 3537 1133 3602 minus
1160 3535 1325 3620 pertinent

251 3673 350 3737 quam
387 3651 428 3716 ad
467 3650 593 3717 chorioa
623 3650 721 3736 μέλη,
756 3673 815 3736 nec
850 3651 901 3716 bis
931 3650 1027 3736 juvat
1062 3650 1166 3714 dicere
1201 3647 1322 3714 eadem.

254 3764 367 3831 Unum
389 3771 498 3829 tamen
520 3763 682 3849 est-quod
704 3784 779 3829 cum
802 3763 899 3849 plane
929 3762 973 3828 sit
996 3762 1172 3848 singulare,
1195 3759 1328 3826 silentio
1353 3779 1356 3785 ·

254 3902 318 3946 non
351 3878 636 3966 praetereundum:
668 3878 820 3944 monodia
854 3877 1025 3964 (Androm.
1059 3899 1105 3943 vs
1137 3873 1326 3957 103-116)

288 4114 373 4174 ιΤοῖς
396 4117 442 4180 μὲν
467 4113 513 4164 οὖν
537 4113 636 4178 Κρησὶν
661 4113 677 4175 ἥ
703 4132 728 4164 τε
756 4115 859 4180 ὄρχησις
876 4113 1011 4178 ἐπιχώριος
1028 4113 1070 4164 καὶ
1087 4113 1115 4162 τὸ
1133 4111 1329 4176 κυβιστᾶν-υ

254 4205 312 4254 libra
328 4205 369 4254 καὶ
385 4205 487 4268 apariat
502 4206 606 4254 καλοῦσι
622 4206 655 4254 τὰ
671 4202 850 4270 ὑπορχήματα.

288 4292 395 4343 'Vetus
417 4294 569 4360 biographus
594 4295 620 4345 in
636 4295 732 4360 prolog.
757 4295 789 4345 ad
808 4295 952 4360 Euripidem
970 4294 1057 4357 (Diod.
1073 4294 1140 4356 mu
1157 4297 1211 4351 τοῖς
1226 4290 1330 4357 μέλεσίν

255 4386 324 4436 ἐστιν
340 4385 478 4450 ἀμίμητος,
497 4387 746 4452 παραγκωνιζόμενος
764 4387 822 4444 τοὺς
838 4387 991 4450 μελοποιοὺς
1008 4382 1098 4446 σχεδὸν
1115 4381 1224 4448 adurar.

288 4475 298 4505 ³
315 4472 464 4538 Thesmoph.
481 4490 517 4526 us.
536 4477 590 4525 100.

1175 4561 1194 4624 8
