3216 5154
806 417 846 479 54

291 625 364 669 eum
404 603 489 668 ultra
526 601 632 686 prima
671 600 832 666 elementa
871 601 935 665 non
972 601 1114 666 multum
1156 600 1365 684 processisse3

291 739 366 782 nam
400 715 486 803 quod
517 715 590 801 quis
621 714 669 779 ita
699 713 872 798 perdidicit
903 720 941 778 ut
962 714 1095 780 verterit
1118 713 1151 776 in
1177 735 1308 778 succum
1333 718 1367 777 et

291 831 503 917 sanguinem,
535 829 569 893 id
592 850 760 914 nunquam
785 829 814 893 ei
838 827 958 910 officit,
986 829 1042 894 sed
1067 827 1170 892 deiis
1195 849 1276 913 quae
1299 827 1367 912 pri-

292 943 436 1009 moribus
469 949 600 1009 tantum
630 941 726 1007 labiis
758 941 966 1028 gustavimus
999 941 1121 1027 garrire
1154 940 1254 1025 vulgo
1285 939 1368 1006 mira

292 1057 432 1143 quadam
455 1057 591 1122 ferimur
613 1055 769 1137 libidine,
794 1054 886 1140 cujus
910 1056 956 1120 rei
979 1054 1129 1139 exempla
1140 1075 1236 1140 saepe
1253 1053 1287 1118 in
1300 1053 1366 1119 cla-

291 1192 400 1236 rorum
423 1171 595 1237 hominum
619 1169 697 1235 vitis
721 1169 934 1253 offendimus,
960 1176 998 1235 ut
1020 1171 1077 1254 qui
1099 1191 1221 1255 magna
1243 1169 1369 1234 etbene

292 1283 409 1350 merita
430 1285 588 1369 gauderet
620 1283 825 1366 celebritate,
848 1283 1022 1369 gloriolam
1045 1288 1212 1369 quaereret
1237 1282 1278 1347 ab
1301 1291 1369 1348 arte

292 1396 344 1461 vel
369 1396 495 1480 studia,
521 1397 555 1460 in
577 1393 669 1480 cujus
693 1395 889 1462 rudimentis
914 1395 1119 1462 substitisset
1139 1403 1173 1461 et
1188 1395 1274 1460 unde
1284 1415 1370 1458 nun-

293 1531 391 1594 quam
426 1507 544 1574 nornen
579 1508 741 1593 inclytum
774 1508 858 1574 foret
890 1509 1028 1594 adeptus
1049 1510 1069 1573 ¹.
1120 1507 1184 1574 Sed
1218 1506 1369 1592 quicquid

293 1623 333 1687 de
368 1619 533 1707 Euripidis
563 1621 596 1684 in
627 1620 687 1686 hac
717 1621 855 1686 scientia
884 1621 1081 1706 profectibus
1109 1621 1284 1687 statuimus
1319 1620 1371 1684 vel

294 1734 502 1821 conjicimus,
537 1732 629 1798 nulla
662 1739 748 1799 certe
780 1733 955 1820 disciplina
987 1733 1069 1798 mihi
1102 1734 1230 1800 videtur
1262 1733 1371 1798 minus

296 1854 404 1936 aptam
428 1846 596 1913 materiem
620 1867 792 1932 suggerere
815 1853 930 1932 poetae
954 1845 1095 1932 tragico,
1113 1867 1211 1932 quarn
1227 1845 1370 1932 philoso-

293 1964 371 2048 phia
393 1960 551 2027 naturalis
576 1965 609 2026 et
638 1959 721 2024 illud
748 1964 811 2025 τῶν
832 1962 993 2047 μετεώρων
1016 1959 1162 2024 studium
1178 1960 1371 2045 quodEuri-

237 2145 240 2152 ,
293 2076 386 2161 pides
411 2074 593 2140 affectabat.
644 2073 840 2159 Priusquam
858 2059 973 2138 'tamen
991 2074 1076 2140 baec
1100 2073 1249 2158 pluribus
1262 2096 1370 2168 prose·

294 2210 450 2275 quamur,
479 2187 635 2253 afferendi
662 2195 741 2254 sunt
762 2188 824 2252 leci
842 2187 1075 2273 Aristophanei
1086 2187 1149 2255 huc
1161 2188 1369 2273 pertinentes.

337 2302 413 2368 dam
449 2301 563 2368 statim
596 2302 630 2366 in
653 2301 760 2387 prima
783 2323 865 2388 quae
888 2307 1017 2367 servata
1039 2309 1090 2368 est
1111 2302 1226 2368 comici
1249 2301 1372 2386 fabula,

295 2415 578 2499 Acharnensibus,
602 2415 663 2480 hoc
686 2414 819 2482 nomine
842 2415 985 2501 carpitur
1013 2415 1165 2501 tragicus.
1214 2416 1373 2483 Aditurus

296 2529 342 2593 ibi
377 2527 582 2613 Dicaeopclis
615 2526 822 2613 Euripidem,
849 2527 895 2593 sic
919 2527 1098 2614 interrogat
1121 2534 1281 2594 vernam³
1304 2531 1374 2617 ejus

298 2643 595 2731 Cephisephontem
620 2643 689 2730 qui¹
694 2641 831 2728 januam
855 2641 886 2707 ei
909 2641 1014 2728 aperit
1038 2648 1099 2721 (vs.
1128 2645 1192 2708 395
1217 2647 1322 2729 sqq.):

375 2758 438 2818 Dic·
723 2752 816 2822 ἐ’νδον
838 2755 899 2821 ἔστ’
924 2753 1114 2844 Εὐριπίδης;

379 2863 462 2942 Ceph·
505 2865 561 2932 οὐκ
583 2861 676 2931 ἐ’νδον
699 2859 790 2929 ἔνδον
813 2865 908 2934 ἐστίν,
930 2867 953 2929 εἶ
976 2865 1106 2948 γνώμην
1127 2862 1221 2950 ’ἔχεις-

379 2971 441 3030 Du.
503 2973 574 3044 πῶς
596 2965 698 3041 ἐ’νδον,
721 2967 773 3031 εἶτ’
795 2967 852 3033 οὐκ
873 2963 982 3040 ἔνδον;

876 3069 958 3150 Ceph.
1002 3069 1118 3157 ὀρθῶς,
1141 3073 1165 3136 ὦ
1188 3069 1305 3158 γέρον(

509 3181 526 3241 ὁ
550 3183 626 3251 νοῦς
647 3179 704 3259 μὲν
726 3172 786 3247 ’ἔξω
808 3173 976 3262 ξυλλέγων
998 3176 1134 3266 ἐπύλλια

510 3285 568 3348 οὐκ
588 3277 690 3354 ἐ’νδον,
713 3282 809 3358 αὐτὸς
831 3278 857 3348 δ’
879 3277 970 3348 ἔνδον
993 3280 1161 3370 ἀναβάδην
1182 3294 1263 3350 ποιεῖ

509 3383 699 3475 τραγῳδίαν·

295 3594 356 3643 ralis
371 3592 472 3652 notitia,
488 3606 563 3654 quam
579 3591 748 3642 Bernhardius
765 3592 800 3640 l.l.
817 3593 839 3641 ei
856 3592 972 3657 largitur,
989 3593 1032 3641 ubi
1050 3594 1150 3642 tandem
1171 3594 1249 3645 lateat
1265 3594 1377 3658 equidem

300 3684 386 3733 miror.

333 3772 340 3804 ¹
463 3770 589 3819 Nimirum
606 3770 673 3821 idem
690 3784 775 3821 ornnes
793 3771 915 3832 fallimur,
933 3787 1012 3837 neque
1029 3781 1067 3822 est
1084 3775 1212 3839 quisquam

459 3875 532 3922 quem
548 3874 597 3909 non
615 3861 640 3908 in
657 3861 785 3924 aliquare
802 3862 887 3911 videre
903 3862 1033 3913 Suffenum

461 3951 547 4014 possis.
582 3950 685 4012 (catull.
700 3952 794 4000 22:18
809 3952 870 4016 sqq.)
888 3979 919 3989 -

560 4045 676 4106 Σνγγενεῐ
693 4041 717 4099 δέ
735 4061 774 4100 τις
792 4042 891 4108 εὐδοξίᾳ
908 4043 971 4109 μέγα
988 4045 1080 4108 βρίθει.

560 4133 588 4187 ’ὸς
606 4129 630 4179 δὲ
648 4128 740 4179 διδάκτ’
758 4129 949 4196 &eastwearde
966 4131 1040 4197 ἀνὴρ,

558 4217 646 4268 ἄλλοτ’
663 4219 730 4268 ἅλλα
749 4218 844 4282 πνέων,
862 4220 950 4271 οὔποτ’
967 4221 1061 4284 ἀτρεκέϊ

560 4307 657 4371 κατέβα
675 4307 748 4370 ποδί,
765 4311 861 4373 μυριᾶν

561 4397 582 4445 δ’
600 4397 694 4463 ἀρετᾶν
711 4397 795 4447 ἀτελεῖ
812 4397 863 4462 νόῳ
880 4398 987 4462 γεύεται.
1023 4401 1107 4460 (Pind.
1125 4403 1198 4453 Nem.
1217 4405 1278 4454 flii

335 4489 345 4524 θ
379 4486 480 4542 Rectius
498 4487 600 4538 sortasse
617 4488 711 4538 dixeris
729 4488 890 4552 discipulum,
908 4489 938 4537 ci.
957 4489 1021 4540 infra
1038 4491 1098 4555 Cap.
1117 4494 1156 4542 IX
1174 4497 1236 4544 med.
