3216 5154
786 395 827 454 60

274 578 392 643 versari
421 583 546 663 potest,
579 577 647 642 sive
671 599 800 643 summo
824 576 934 643 dolore
958 578 1010 643 vel
1034 581 1153 643 terrore
1178 577 1343 643 concutia-

272 697 336 773 tur,
369 689 438 754 sive
467 689 516 755 ira
548 689 762 756 excandescat
784 689 837 755 vel
860 688 1081 775 poenitentiae
1105 688 1250 754 stimulis
1274 688 1345 773 agi-

272 808 370 886 tetur,
403 825 570 890 nunquam
602 813 669 868 tam
693 803 778 870 male
802 804 832 870 ei
849 789 926 870 ¹esse
947 810 1075 888 potest,
1102 803 1180 890 quin
1204 803 1344 890 aliquid,

272 918 301 983 si
332 938 397 982 non
414 918 534 1009 “facete
566 924 603 983 ut
637 917 739 984 Siculi
763 921 846 982 teste
871 917 1024 983 Cicerone
1044 919 1064 1001 ¹,
1090 923 1124 982 at
1148 915 1347 982 sententiose

272 1030 368 1097 dicat
407 1032 472 1098 Vel
505 1033 539 1098 in
574 1039 713 1098 mortem
736 1043 866 1099 ruentes
889 1033 1003 1099 heroas
1027 1042 1061 1099 et
1083 1032 1233 1100 heroinas
1256 1031 1346 1097 vides

272 1145 509 1233 aliquantisper
542 1146 661 1224 morari
689 1147 879 1234 priusquam
911 1147 1099 1233 relinquant
1129 1167 1277 1228 scenam,
1310 1153 1348 1210 ut

271 1257 365 1345 ῥῆσιν
398 1260 496 1325 edant
528 1259 569 1325 de
602 1259 689 1324 vitae
723 1259 881 1325 brevitate
913 1273 947 1325 et
980 1259 1202 1325 inconstantia
1232 1258 1284 1324 vel
1307 1259 1347 1324 de

231 1377 233 1384 '
272 1371 396 1456 patriae
419 1393 527 1437 amore
551 1372 603 1438 vel
626 1371 666 1438 de
690 1371 791 1437 simili
814 1371 966 1455 materie,
991 1372 1032 1436 ad
1055 1371 1143 1437 locos
1160 1392 1347 1438 communes

273 1483 456 1550 referenda:
480 1483 627 1570 frigescit
640 1484 764 1550 interea
780 1483 909 1550 animus
922 1490 1151 1569 spectatorum.
1179 1483 1347 1564 Quomodo

261 1597 406 1662 'tandem
420 1597 491 1663 fieri
502 1598 612 1684 potuit
629 1604 666 1664 ut
681 1597 779 1664 multi
794 1597 1001 1664 laudaverint
1016 1597 1098 1663 illud
1113 1597 1346 1663 sententiarum

274 1711 465 1797 aucupiuml
515 1711 601 1777 Nam
629 1733 716 1779 nunc
747 1734 812 1777 non
844 1711 878 1776 id
908 1711 1091 1798 quaerimus
1116 1733 1223 1776 annon
1251 1710 1347 1777 dictis

273 1817 340 1891 illis
359 1825 561 1912 permrdtum
584 1825 789 1892 contineatur
811 1826 915 1892 bonae
937 1825 1057 1912 frugis3
1074 1826 1175 1891 immo
1191 1825 1349 1890 fateor—

192 1932 195 1936 *
274 1946 307 2005 et
330 1915 491 2026 quisnon
515 1937 677 2005 fateatur?
700 1977 740 1986 -
766 1938 822 2002 vix
845 1936 1028 2024 elegantius
1052 1943 1085 2002 et
1108 1938 1235 2003 acutius
1255 1959 1347 2022 prae-

274 2060 368 2140 cepta
393 2051 620 2140 philosophica
641 2050 781 2136 exprimi
803 2073 898 2137 posse
922 2073 1020 2138 quam
1043 2051 1167 2117 factum
1190 2058 1241 2118 est
1263 2052 1347 2117 mul-

274 2169 317 2234 tis
341 2167 420 2232 locis
444 2164 648 2250 Euripideis;
678 2164 733 2251 qui
757 2165 784 2229 si
809 2165 966 2230 memoria
989 2171 1173 2248 teneantur,
1198 2187 1263 2231 non
1286 2168 1348 2233 mi-

274 2301 386 2345 norem
417 2279 597 2345 utilitatem
627 2278 741 2345 afferre
771 2285 912 2365 possunt
934 2279 1090 2345 hodierno
1114 2280 1229 2346 lectori
1251 2303 1348 2368 quam

274 2393 417 2479 antiquis
443 2392 646 2476 hominibus,
672 2393 728 2478 qui
752 2392 821 2478 ejus
837 2392 936 2459 verba
949 2373 1073 2478 passim
1087 2392 1122 2457 in
1134 2392 1202 2459 suis
1218 2393 1347 2479 scriptis

274 2505 454 2590 laudando,
485 2506 576 2572 milla
608 2512 642 2572 et
673 2507 814 2592 amplius
845 2506 1032 2594 fragmenta
1062 2528 1102 2571 ex
1134 2505 1204 2592 ejus
1228 2506 1348 2572 fabulis

274 2611 449 2706 deperditis
477 2620 635 2686 oblivioni
670 2621 866 2708 eripuerunt
917 2621 980 2688 Sed
1004 2642 1091 2686 nunc
1114 2620 1204 2688 aliud
1228 2623 1348 2710 dijudi-

273 2734 413 2800 candum
445 2739 511 2818 est,
545 2756 661 2821 nempe
689 2741 801 2800 utrum
824 2740 939 2801 noceat
964 2732 1139 2820 tragoediis
1164 2735 1222 2801 illa
1244 2736 1348 2802 abun-

273 2849 386 2914 dantia
421 2849 588 2914 doctorum
622 2849 937 2936 apophthegmatum
964 2870 1082 2915 necne:
1112 2869 1172 2935 ego
1195 2869 1270 2914 vcro
1298 2849 1349 2934 ajo

274 2969 308 3028 et
339 2963 504 3028 confirmo.
551 2963 600 3029 Ut
633 2963 721 3027 enim
755 2967 828 3029 utar
858 2963 1047 3029 Aristotelis
1074 2962 1349 3045 verbisatoris

274 3075 383 3163 ἐφεξῆς
406 3075 446 3164 θῇ
459 3074 569 3162 ῥήσεις
591 3074 701 3152 ἠθικὰς
723 3081 771 3142 καὶ
790 3075 871 3150 λέξει
888 3082 935 3141 καὶ
955 3073 1078 3161 διανοίᾳ
1089 3075 1121 3141 εὖ
1132 3081 1350 3159 πεποιημένας,

275 3191 313 3255 οὗ
344 3191 466 3264 ποιήσει
500 3189 518 3254 ὃ
550 3192 589 3264 ἦν
621 3198 676 3264 τῆς
707 3186 886 3275 τραγῳδίας
918 3187 1052 3275 ἕργον9.
1079 3226 1122 3236 -
1148 3187 1250 3284 Saeua
1284 3210 1349 3278 nou

275 3308 326 3369 est
353 3300 465 3369 schola
497 3301 555 3367 ubi
589 3302 745 3368 salutaria
776 3310 949 3389 praecepta
982 3301 1101 3367 animis
1132 3301 1348 3384 inculcentur,

274 3415 438 3482 actoribus
473 3414 543 3480 vice
582 3415 731 3501 magistri
765 3416 997 3503 fungentibus,
1034 3415 1091 3481 sed
1125 3414 1229 3499 ipsius
1264 3414 1349 3479 vitae

275 3528 368 3615 quasi
392 3527 562 3613 speculum
585 3551 655 3595 esse
679 3535 806 3615 oportet
820 3529 851 3593 ³:
872 3528 907 3593 id
924 3528 998 3614 jure
1021 3527 1203 3613 poscimus3
1228 3527 1350 3614 alioqui

275 3663 389 3728 operae
423 3641 563 3726 pretium
600 3665 665 3708 non
700 3650 769 3709 erat
803 3641 892 3708 adire
923 3642 1102 3723 theatrum,
1137 3662 1237 3728 quum
1262 3641 1349 3707 domi

275 3755 387 3821 liceret
409 3754 573 3840 perlegere
596 3756 728 3844 aliquod
753 3754 968 3823 enchiridium
992 3755 1032 3820 de
1055 3754 1150 3820 rebus
1174 3753 1350 3819 moralibus

258 3868 326 3943 ¹vel
350 3867 586 3955 philosophicis
610 3871 790 3937 autetiam
814 3876 984 3956 poetarum
1008 3870 1080 3935 loca
1102 3869 1230 3934 selecta.
1272 3866 1352 3932 Vita

276 3981 436 4048 imitanda
465 3989 498 4048 et
521 3985 732 4070 exprimenda
754 3991 821 4063 est3
846 4006 911 4049 non
936 3984 1022 4050 nude
1045 3982 1176 4068 quidem
1201 3987 1258 4047 aut
1280 3980 1351 4047 sina

276 4095 344 4161 ullo
375 4095 479 4161 colore
511 4103 544 4161 et
567 4104 699 4180 ornatu,
725 4099 782 4162 sed
806 4099 853 4162 ita
877 4106 986 4164 tamen
1010 4105 1048 4162 ut
1072 4095 1154 4161 nihil
1179 4095 1351 4160 audiamus

310 4282 318 4312 ¹
351 4283 381 4331 In
398 4283 506 4332 Verrem
524 4284 573 4341 IV,
590 4287 630 4334 43.

308 4371 319 4402 ²
352 4372 458 4421 Aristus.
475 4382 539 4435 poet.
556 4371 594 4421 6.Ι

309 4459 319 4491 ³
352 4459 381 4507 'H
399 4462 448 4526 γὰρ
467 4459 593 4522 τραγῳδία
610 4463 713 4528 μίμησίς
732 4465 859 4512 tarra...
882 4461 950 4524 βίου,
967 4459 1024 4510 ibid.
