3216 5154
709 369 714 376 ⁵
814 422 855 484 as

301 605 372 669 istis
396 603 524 668 insidiis
548 605 661 670 drama
685 607 819 670 careret!
858 591 920 671 Sed
944 605 1126 671 tuncnihil
1152 606 1284 670 omnino
1308 612 1374 671 tra-

300 715 365 802 gici
392 715 532 798 inesset,
563 720 596 781 et
622 717 719 801 plane
744 717 977 782 Menandream
1001 717 1147 782 fabulam
1171 719 1372 788 haberemus.

301 829 417 894 Nonne
442 852 483 895 ex
505 830 565 896 hoc
588 831 738 916 exemplo
753 831 872 915 liquet,
890 837 1012 916 quanto
1023 831 1202 917 elegantior
1215 832 1376 918 ejusmodi

300 941 389 1007 mulo
411 941 540 1008 futurus
565 942 683 1009 fuisset
706 965 880 1028 germanus
903 947 1025 1032 equus?
1339 979 1362 1014 ι.

346 1170 454 1250 Quum
470 1170 541 1255 jam
564 1170 606 1234 ad
629 1169 787 1255 longioris
811 1170 908 1255 hujus
919 1169 1036 1256 capitis
1048 1169 1147 1236 finem
1160 1172 1374 1254 pervenerim,

300 1284 335 1349 in
360 1305 471 1369 pauca
503 1282 600 1348 verba
634 1282 716 1348 mihi
751 1283 848 1348 liceat
876 1282 1028 1368 colligere
1057 1283 1255 1348 sententiam
1277 1307 1374 1371 quam

301 1397 445 1484 exposui.
476 1397 667 1482 Euripides
689 1394 722 1461 in
751 1397 842 1482 poesi
862 1397 991 1463 carebat
1011 1395 1167 1462 facultate
1193 1397 1374 1482 genetrice,
1474 1428 1476 1432 ·

301 1513 451 1598 idemque
482 1535 501 1576 a
533 1509 690 1597 religione
722 1511 872 1597 populari
894 1510 1072 1576 recedebat.
1121 1509 1230 1590 Quum
1253 1515 1374 1592 autern,

301 1606 545 1712 quibuscunque
568 1627 607 1692 de
630 1625 756 1709 causis,
780 1623 830 1691 'ad
853 1625 1108 1710 dramaturgiam
1130 1647 1164 1690 se
1179 1623 1374 1710 applicaret,

250 1812 254 1820 ¹
301 1739 356 1804 vix
385 1740 494 1826 potuit
522 1741 601 1826 quin
632 1741 786 1806 scriberet
815 1739 1017 1826 tragoedias,
1042 1738 1078 1803 in
1102 1739 1220 1824 quibus
1242 1757 1374 1824 compo-

301 1855 417 1920 nendis
440 1854 680 1940 quodammodo
702 1859 850 1919 coactum
872 1875 906 1919 se
919 1852 1003 1918 vidit
1015 1857 1054 1917 ut
1064 1852 1213 1937 vulgares
1227 1852 1374 1916 derebus

301 1969 421 2034 divinis
442 1967 612 2052 opiniones
641 1970 844 2052 sequeretur,
869 1971 1072 2052 repugnante
1096 1965 1222 2048 animo,
1248 1969 1281 2030 et
1300 1986 1375 2050 pro-

301 2081 391 2157 inde,
416 2102 482 2147 non
503 2083 585 2147 citra
609 2081 774 2165 fraudem,
799 2081 981 2148 venditaret
1005 2101 1063 2165 pro
1084 2081 1168 2146 veris
1191 2101 1273 2166 quae
1291 2079 1376 2144 falsa

302 2217 371 2261 esse
406 2195 518 2273 sciret3
551 2195 585 2259 id
621 2196 716 2281 quod·
741 2195 890 2280 operibus
923 2194 992 2279 ejus
1024 2193 1229 2260 multimodis
1253 2191 1373 2258 nocuit.

222 2345 224 2353 ·
302 2310 407 2389 Quare
430 2331 505 2375 cum
529 2308 750 2395 Aristophane
774 2308 933 2394 tragicum
959 2305 1054 2375 dileco
1076 2307 1220 2394 graviter
1240 2307 1375 2392 culpan-

302 2423 380 2488 dum
403 2445 526 2489 censeo.

299 2634 451 2697 “Euripides
471 2633 563 2697 knupst
581 2635 658 2682 daran
681 2632 787 2696 (mytho)
811 2634 859 2682 mit
874 2637 950 2696 pater
966 2630 1157 2680 dramatisober
1179 2631 1303 2695 lllrleunp
1321 2631 1376 2680 eino

301 2723 398 2774 “Reihe
424 2722 586 2780 sachsender,
599 2721 825 2793 Verwieklungem
842 2726 925 2770 zuerst
930 2757 1002 2779 .....
1019 2719 1091 2768 duaa
1108 2718 1148 2768 dic
1163 2719 1259 2782 grellen
1276 2721 1376 2770 Ueber-

302 2815 401 2877 “gange
418 2828 477 2863 vom
492 2811 733 2863 leidenschaftlichen
750 2812 816 2860 Hsss
833 2825 876 2858 cur
893 2810 1000 2874 apamea
1017 2805 1111 2858 Licha*
1129 2816 1175 2857 etc.
