3222 5170
682 977 856 1056 CAPUT
883 978 959 1053 IX.

409 1197 588 1244 EURIPIDES
611 1197 646 1242 IN
668 1197 826 1243 vnntlaus
850 1196 1035 1242 PANGENDIS
1057 1195 1221 1249 NOVATOR.

329 1511 444 1595 Ratio,
472 1530 570 1597 quam
594 1509 767 1595 Euripides
793 1509 828 1574 in
855 1509 1002 1577 versibus
1023 1509 1205 1596 pangendis
1227 1513 1357 1573 secutus

283 1632 348 1710 est,
373 1646 439 1690 non
464 1623 573 1690 minus
601 1622 762 1689 severeab
780 1622 997 1708 Aristophane
1011 1621 1245 1688 condemnatur
1260 1641 1358 1705 quam

283 1759 492 1825 quaecunque
528 1738 570 1803 ad
610 1737 797 1803 dramatum
835 1735 1104 1823 compositionem
1141 1733 1359 1818 materiaeque

283 1851 509 1920 tractationem
531 1851 705 1940 pertinent.
736 1851 801 1916 Hic
824 1851 924 1916 etiam
948 1849 1102 1936 quicquid
1129 1847 1207 1913 novi
1228 1846 1358 1932 excogi-

283 1964 367 2030 tavit
387 1968 421 2029 et
445 1963 600 2050 quicquid
619 1963 910 2050 apraeoessoribus
923 1962 1104 2049 discrepare
1115 1962 1178 2028 sibi
1189 1960 1357 2048 permisit,

283 2077 405 2142 cornico
430 2076 482 2142 vel
505 2098 543 2142 eo
566 2075 638 2161 ipso
661 2077 792 2142 nomine
815 2077 1014 2163 culpandum
1037 2076 1174 2141 videtur.

329 2191 440 2265 Primo
471 2189 603 2276 quidem
636 2190 803 2256 videamus
837 2189 877 2256 de
911 2188 1056 2257 canticis.
1091 2189 1194 2254 Extat
1231 2187 1271 2252 de
1308 2186 1359 2252 his

283 2305 372 2369 locus
403 2291 558 2389 perquam
591 2303 764 2389 probrosus
803 2303 838 2368 in
863 2303 982 2386 Ranis,
1010 2325 1056 2368 vs.
1084 2305 1169 2370 1298
1192 2323 1279 2387 sqq„
1303 2298 1359 2364 ubi

283 2415 464 2499 Aeschylus
488 2415 676 2482 imitaturus
701 2417 827 2482 cantica
853 2416 1031 2503 Euripides
1052 2416 1099 2482 sic
1122 2416 1284 2501 loquitur:

404 2528 479 2595 ἀλλ’
502 2529 560 2596 οὖν
581 2532 643 2614 ἐγὼ
663 2534 718 2612 μὲν
741 2533 773 2606 ἐς
793 2532 830 2594 τὸ
852 2528 952 2596 καλὸν
973 2532 1004 2594 ἐκ
1025 2536 1081 2594 τοῦ
1104 2527 1201 2593 καλοῦ

403 2635 536 2722 ἤνεγκον
558 2633 643 2706 οὗθ’,
663 2637 716 2700 ἵνα
736 2636 778 2718 μὴ
799 2636 856 2700 τὸν
877 2636 974 2700 αὐτὸν
997 2637 1147 2721 Φρυνίχῳ

404 2738 541 2822 λειμῶνα
563 2743 704 2806 Μουσῶν
725 2741 810 2826 ἱερὸν
832 2737 961 2828 ὀφθείην
983 2735 1115 2825 δρέπων·

326 2831 329 2840 1
405 2843 499 2918 οὗτος
521 2838 547 2907 d'
568 2842 631 2909 ἀπὸ
652 2845 782 2909 πάντων
802 2848 859 2927 μὲν
880 2829 962 2931 φέρει
985 2838 1155 2928 πορνιδίων
1169 2843 1194 2914 ¹,

318 3043 325 3076 ¹
342 3045 487 3096 Lectionem
503 3047 642 3112 vulgatam,
659 3055 740 3098 metro
757 3054 940 3112 repugnantem
961 3048 1011 3110 t-
1023 3073 1058 3098 ου
1071 3048 1134 3108 -),
1150 3046 1262 3096 Kookius
1279 3046 1304 3094 in
1315 3061 1359 3095 sua

284 3135 392 3184 editione
407 3135 456 3184 sibi
471 3138 615 3186 emendasse
634 3138 700 3187 visus
717 3144 761 3197 est,
777 3137 885 3201 legendo
897 3137 1117 3201 napowion,quod
1126 3135 1359 3200 vocabulumneque

283 3226 366 3276 sensui
381 3226 440 3275 satis
456 3227 585 3291 congruit,
602 3242 682 3292 neque
698 3228 826 3280 Graecum
842 3237 888 3280 est.
921 3229 980 3278 Nou
995 3226 1045 3276 alia
1060 3225 1177 3289 exempla
1193 3240 1207 3274 e
1224 3225 1294 3276 bonis
1310 3225 1359 3274 At-

284 3315 339 3364 ticis
360 3315 521 3380 scriptoribus
543 3317 618 3368 alluta
641 3319 692 3366 vidi
713 3319 740 3367 in
761 3318 887 3368 Dindorfii
908 3317 1039 3368 Thesauro
1059 3331 1133 3380 quom
1152 3315 1232 3365 Arist.
1249 3315 1359 3366 Acharn.

286 3420 323 3454 vs.
340 3406 396 3462 981,
414 3407 548 3469 παροίνιος
565 3408 632 3472 ἀνὴρ
648 3407 705 3473 ipo,
722 3424 757 3458 cxv
769 3423 818 3473 qno
833 3407 888 3458 loco
903 3415 999 3464 nmen,
1016 3406 1189 3455 emendatione
1208 3420 1258 3454 nou
1279 3405 1361 3463 dubia,

284 3495 396 3559 spurium
420 3495 466 3546 hoo
485 3495 634 3558 adjectivum
655 3497 740 3561 abegit
764 3498 816 3547 Vir
840 3497 906 3548 chr.
931 3497 1024 3556 Cobet,
1044 3496 1130 3560 legens
1143 3497 1274 3561 ,πάροινος
1294 3494 1359 3559 ἀνὴρ

285 3584 329 3645 ἔφυ
347 3582 406 3644 (vid.
422 3584 587 3648 Mnemosyne
602 3584 661 3633 anni
681 3587 756 3643 1⁸74,
773 3599 830 3649 pag.
847 3587 896 3635 414
913 3586 969 3650 sp).
1003 3584 1053 3635 Sed
1070 3585 1109 3634 fau
1124 3585 1198 3634 licam
1214 3586 1360 3636 vocabulum

285 3681 337 3720 tam
354 3672 433 3738 malae
449 3682 520 3722 notae
536 3671 666 3722 obtrudere
683 3673 855 3737 Aristophani,
872 3673 931 3736 quid
948 3673 1110 3736 significabit?
1131 3673 1248 3724 Comicus
1263 3682 1360 3723 tantum

285 3763 315 3811 de
341 3762 483 3811 hominibus
507 3761 586 3810 obruis
610 3762 670 3812 dicit
692 3762 823 3826 πάροινος,
840 3761 880 3810 sin
897 3777 954 3812 eum
971 3776 1090 3826 cogemus
1105 3762 1172 3826 loqui
1188 3761 1275 3825 lingua
1291 3763 1359 3812 scho-

284 3850 420 3910 hastarum,
438 3853 559 3916 παροίνια
576 3851 613 3900 uil
629 3852 676 3902 nisi
694 3853 783 3901 σκόλια
801 3861 884 3911 erunt,
900 3867 963 3917 quae
981 3853 1097 3917 proximo
1112 3867 1185 3902 versu
1194 3853 1361 3902 nominantur.

286 3940 347 3988 Vid.
371 3941 421 3991 seh.
444 3943 523 4006 Vesp.
547 3945 622 3992 12³1:
646 3944 732 3992 σκολιὰ
754 3945 786 3992 τὰ
804 3945 924 4006 παροίνια
940 3943 1015 4008 μέλη,
1033 3943 1058 3991 ib
1086 3944 1209 3996 1217zrd
1227 3943 1360 4003 σκολιά,ιἰ’

286 4026 332 4077 εἰσι
350 4031 475 4094 παροίνιον
490 4029 561 4095 addai.
852 4040 854 4045 '
998 4077 1000 4082 .

318 4118 376 4166 Non
393 4118 489 4169 felicior
505 4120 602 4170 Kockio
618 4119 644 4169 in
660 4129 745 4169 nostro
760 4119 814 4168 loeo
830 4120 978 4184 corrigendo
993 4121 1054 4170 olim
1071 4121 1118 4170 fuit
1134 4122 1269 4180 Portunus,
1289 4121 1360 4186 cujus

286 4206 428 4269 conjectura
444 4205 529 4268 (οὗτος
546 4205 566 4256 d
583 4206 637 4254 ἀπὸ
655 4205 762 4254 πάντων
779 4206 919 4270 πορνιδίων
934 4205 996 4269 μέλη
1013 4205 1088 4270 φέρει)
1106 4215 1251 4258 contextum
1260 4222 1361 4270 prorsus

286 4298 419 4360 perturbat.
453 4296 518 4346 Mihi
538 4297 564 4345 in
581 4303 691 4346 mentem
709 4296 791 4346 venit:

479 4385 552 4444 οὗτος
570 4385 590 4434 δ’
608 4386 660 4434 ἀπὸ
679 4385 784 4436 πάντων
800 4387 846 4447 μὲν
864 4383 935 4448 φέρει,
956 4385 1052 4448 πόρνης
1069 4383 1153 4446 δίκην,

194 4519 199 4534 ρ
286 4475 378 4524 idest:
397 4475 438 4524 hir
454 4491 520 4534 cero,
537 4491 582 4524 oea
599 4476 735 4533 moretoin,
752 4489 769 4522 a
785 4473 896 4537 quolibet
914 4474 1013 4523 luorum
1030 4475 1109 4537 capit.
