3216 5154
787 393 827 453 41

513 576 640 654 δέξασθε
663 579 778 661 σμίλης
800 579 935 654 ὁλκούς,

512 688 646 770 κήρυκας
668 687 749 764 ἐμῶν
770 681 915 771 μόχθων·
938 683 1037 768 οἴμοι,

511 795 596 854 τουτὶ
617 790 653 853 τὸ
673 787 721 874 ῥῶ
742 787 924 876 μοχθηρόν·Ἰ

511 896 621 981 χώρει,
644 899 747 982 χώρει·
770 891 866 959 ποίαν
889 893 1025 966 αὔλακας

511 996 651 1084 βάσκετ’,
673 1002 807 1085 ἐπείγετε
828 1000 935 1076 πάσας
957 998 1023 1065 καθ’
1045 997 1158 1075 ὁδούς.

512 1107 611 1190 κείνῃ,
633 1107 737 1191 ταύτῃ·
760 1108 882 1192 ταχέως
905 1107 979 1192 χρή·

315 1257 423 1324 Attuli
453 1256 561 1321 locum
595 1240 776 1343 longiorem
801 1258 857 1322 sed
880 1257 975 1324 valde
997 1257 1173 1340 festivum,
1199 1264 1292 1324 etex
1314 1282 1348 1324 se

269 1372 341 1456 ipso
366 1369 607 1455 explicandum.
656 1371 789 1437 Scilicet
813 1372 1025 1455 Palamedes,
1050 1371 1085 1436 in
1110 1371 1222 1438 fabula
1249 1373 1347 1440 Euri-

268 1485 364 1570 pidea
386 1484 427 1550 ab
452 1483 522 1569 ejus
545 1483 678 1550 nomine
705 1484 808 1568 dicta,
834 1485 873 1550 de
895 1507 971 1550 nece
992 1506 1090 1570 quam
1113 1484 1176 1549 sibi
1200 1492 1347 1570 paratam

268 1597 358 1664 videt
382 1606 421 1664 ut
444 1609 573 1683 patrem
596 1597 778 1684 Nauplium
801 1598 969 1664 certiorem
993 1596 1110 1681 faciat,
1138 1597 1233 1664 Oeaci
1255 1599 1347 1664 fratri

268 1711 418 1794 mandat,
451 1716 490 1776 ut
512 1709 624 1776 literas
649 1711 777 1776 tristem
801 1716 954 1777 eventum
976 1709 1169 1775 nunciantes
1192 1710 1347 1777 inscribat

267 1824 365 1890 remis
399 1845 518 1910 eosque
553 1823 587 1888 iu
610 1846 698 1890 mare
728 1823 876 1910 dejiciat,
899 1824 954 1910 qui
976 1823 1130 1889 fluctibus
1154 1822 1196 1887 ad
1220 1829 1347 1908 patrem

267 1938 452 2004 deferantur
470 1939 489 2004 ¹.
529 1937 601 2002 Hoc
625 1943 736 2004 autem
753 1937 923 2004 inventum
939 1936 1075 2004 ridicule
1091 1935 1240 2003 imitatur
1252 1937 1346 2003 Mne-

268 2053 411 2118 silochus
435 2058 473 2117 ut
494 2052 537 2116 ad
561 2029 755 2137 Euripidem
779 2051 947 2138 perveniat
968 2050 1020 2116 sui
1040 2048 1177 2136 periculi
1196 2050 1345 2118 nuncius.

313 2166 490 2251 Postquam
517 2188 591 2231 vero
611 2164 679 2255 τῇδ’
701 2170 759 2234 οὐκ
780 2167 916 2235 ἔσπασεν
936 2167 962 2250 ²,
988 2188 1089 2252 quum
1112 2187 1177 2231 uon
1193 2174 1347 2251 appareat

268 2277 459 2364 Euripides,
489 2278 713 2345 Mnesilochus
746 2279 916 2365 suspicans
947 2280 1019 2346 ideo
1051 2300 1125 2345 eum
1150 2300 1215 2344 uou
1238 2281 1347 2346 venire

267 2393 353 2479 qnod
383 2393 594 2459 Palamedem
625 2397 756 2482 ψυχρὸν
778 2394 843 2461 ὅντ’
864 2398 1062 2482 αἰσχύνεται,
1093 2399 1200 2459 tentat
1234 2393 1345 2478 aliud,

267 2515 300 2571 et
333 2506 493 2572 Helenam
525 2512 646 2590 καινήν,
677 2512 838 2572 recentem
871 2529 947 2592 ergo
979 2505 1124 2572 fabulam
1141 2511 1164 2590 ³,
1195 2514 1289 2572 vocat
1312 2506 1346 2570 in

266 2640 364 2685 usum
386 2628 423 2683 ut
444 2618 637 2704 Euripidem
663 2617 802 2691 alliciam
827 2618 897 2703 ipse
926 2616 1087 2684 Helenam
1110 2639 1211 2704 agens
1236 2619 1346 2704 plures

266 2756 307 2798 ex
338 2755 377 2798 ea
410 2732 577 2817 tragoedia
610 2730 726 2797 recitat
760 2751 872 2795 versus
889 2735 917 2813 ⁴,
953 2752 1057 2817 neque
1093 2731 1229 2815 frustra,
1270 2754 1346 2798 mox

266 2845 354 2911 enim
378 2844 552 2930 Euripides
572 2842 683 2929 prodit
707 2851 818 2907 sumta
846 2841 988 2907 Menelai
1008 2863 1162 2927 persona,
1188 2851 1221 2910 et
1233 2845 1346 2930 agnita

266 2980 365 3026 uxore
397 2958 430 3021 in
463 2978 501 3022 eo
530 2966 580 3022 est
610 2962 647 3022 ut
679 2955 772 3019 illam
806 2955 965 3039 abducat,
1006 2976 1107 3041 quum
1140 2957 1346 3030 accedentem

266 3073 357 3138 videt
377 3093 451 3137 cum
475 3069 590 3158 τοξότῃ
615 3070 810 3153 Prytanem:
835 3089 912 3154 ergo
936 3090 970 3134 se
996 3069 1152 3154 proripit,
1179 3070 1345 3154 pollicitus

299 3294 308 3329 ¹
342 3296 423 3345 Miror
444 3293 601 3356 Wagnerum
619 3291 645 3340 in
661 3291 766 3356 Fregm.
784 3292 900 3355 Euripid.
917 3292 1023 3342 editione
1040 3294 1070 3341 ad
1089 3292 1178 3356 fragm.
1197 3295 1245 3346 587
1263 3294 1346 3356 (Pala-

265 3386 343 3436 medis
368 3385 447 3446 Vlll)
472 3383 613 3432 adnotasse:
629 3386 730 3430 “utrum
747 3389 830 3430 autem
847 3382 994 3431 Palamedes
1011 3381 1083 3431 fratri
1101 3383 1161 3432 haec
1178 3393 1275 3433 tantum
1292 3399 1346 3434 sua·

265 3476 326 3525 serit
349 3490 381 3524 eu
406 3453 496 3524 revera
512 3471 583 3523 Oeax
600 3471 626 3519 in
643 3471 771 3540 tragoedia
788 3471 890 3531 facerit,
906 3471 1016 3521 dubitari
1038 3481 1125 3534 potest.
1143 3473 1220 3524 Certe
1237 3488 1270 3523 ex
1286 3475 1346 3524 Ari·

265 3552 345 3629 steph.
363 3565 466 3615 'l'hesm
484 3577 521 3611 vs.
531 3563 581 3616 768
590 3561 652 3610 nihil
660 3560 844 3624 consequitur.''
854 3588 884 3597 -
894 3561 965 3610 Itane
983 3566 1056 3611 vero?
1065 3563 1147 3611 Immo
1156 3563 1220 3612 milri
1231 3564 1345 3613 videntur

266 3657 344 3707 lucide
369 3656 499 3706 ostendere
525 3652 702 3715 Aristophanis
729 3651 819 3708 rerba,
843 3648 925 3701 Oeace
949 3661 1108 3714 conspectum
1134 3650 1208 3702 luisse
1233 3653 1258 3701 in
1275 3668 1347 3703 scena

265 3746 360 3795 tristem
377 3745 495 3793 nuncium
512 3745 586 3792 remis
604 3733 797 3806 incompertam,
819 3751 844 3790 et
861 3741 964 3790 fidenter
980 3745 1101 3792 contendo
1117 3744 1266 3794 Mnesilochi
1279 3745 1346 3794 illam

264 3835 424 3904 cantilenam:
444 3837 462 3883 ὦ
480 3839 602 3899 χεῖρες-
624 3833 728 3898 μόχθων
750 3833 780 3881 ad
803 3833 880 3896 ipsius
898 3831 985 3884 Oeacis
1001 3833 1077 3885 verba
1094 3849 1148 3884 esse
1165 3835 1346 3895 adumbratam,

266 3935 290 3976 et
314 3927 429 3990 inprimis
454 3925 517 3974 illud
541 3922 644 3986 βάσκετ’
669 3933 726 3981 etc,
750 3937 826 3985 quum
852 3921 878 3969 hi
902 3937 990 3971 versus
1012 3924 1151 3986 Euripidae
1173 3925 1255 3974 colore
1274 3925 1346 3975 tincti

265 4017 324 4067 sint.
336 4045 364 4052 —
374 4015 503 4066 Nauekius
520 4029 617 4079 quoque
634 4016 665 4064 de
681 4029 717 4063 vs.
733 4013 866 4065 7782780
875 4013 984 4078 scripsit:
1003 4019 1132 4064 “extrema
1150 4016 1226 4064 rcrba
1244 4016 1345 4066 sortasse

265 4124 297 4157 ex
314 4109 367 4170 ipso
384 4107 504 4170 Euripide
522 4105 628 4168 repetita
644 4105 727 4154 surrt.''

301 4195 312 4228 ²
344 4198 424 4259 Vesp.
444 4210 478 4246 ve.
499 4197 553 4253 rto,
570 4193 723 4256 Thesmoph.
741 4209 769 4242 vs
794 4193 851 4243 928,

298 4285 309 4316 ³
342 4284 425 4336 Schol.
450 4284 482 4333 ad
507 4299 543 4333 vs,
570 4284 630 4333 1021
657 4282 733 4332 tradit
757 4297 812 4330 carn
837 4296 925 4330 scenae
951 4297 1004 4330 esse
1026 4283 1181 4332 commissam
1199 4284 1273 4333 simul
1289 4301 1345 4336 cunr

267 4377 440 4432 Andromeda,
457 4389 520 4438 quae
538 4389 602 4422 suno
619 4381 675 4422 aute
691 4371 962 4435 Thesmophoriauusas
980 4382 1018 4421 cst
1034 4379 1101 4431 actm
1119 4373 1159 4421 vd.
1177 4389 1214 4424 vs.
1234 4376 1305 4426 1060,

299 4463 309 4494 ⁴
343 4465 390 4515 Vs.
408 4465 457 4514 855
474 4479 525 4528 sqq.
