3216 5154
782 407 823 468 42

268 600 378 659 tamen
413 615 446 657 sc
481 592 599 658 iterum
630 591 796 676 suppetias
832 593 1005 654 venturum
1033 587 1253 670 Mnesilocho,
1278 589 1342 652 nisi

267 729 309 774 se.
324 705 476 771 deficiant
499 709 529 770 al
549 708 653 791 μυρίαι
674 707 815 791 μηχαναί
830 703 850 767 ¹.
1087 782 1090 789 Ι

312 819 412 883 Miser
430 821 540 883 autem
552 813 786 896 Mnesilochus,
804 814 942 879 vinculis
959 813 1167 895 constrictus,
1184 835 1204 877 a
1222 812 1343 897 Scytha

267 930 464 1008 custoditum
488 948 567 994 mox
589 949 663 993 vero
688 927 829 1012 adspicit
851 926 1041 1010 Euripidem
1065 926 1126 991 sub
1148 926 1256 991 Persei
1269 947 1341 1011 per-

267 1067 347 1110 sona
369 1045 557 1109 redeuntem
573 1043 597 1126 ⁹,
623 1042 710 1106 unde
734 1041 894 1127 intelligit
920 1041 982 1106 sibi
1007 1062 1093 1106 nunc
1117 1040 1341 1106 Andromedae

266 1162 376 1242 partes
399 1178 469 1222 esse
492 1154 718 1239 sustinendas,
736 1154 824 1239 quod
846 1153 1002 1239 alligatus
1015 1153 1102 1238 palo,
1122 1158 1160 1218 ut
1178 1153 1235 1218 illa
1255 1155 1339 1239 rupi,

265 1269 387 1354 poterit
410 1269 587 1334 commode.
638 1267 736 1334 Oanit
762 1267 897 1353 longam
921 1267 1114 1332 monodiam.
1133 1267 1219 1352 (ejus
1243 1289 1340 1353 quam

266 1380 475 1446 Andromeda
487 1380 665 1466 Euripides
674 1384 861 1446 cantaverat
873 1378 1119 1462 imitationem),
1132 1401 1231 1465 quam
1244 1380 1340 1446 Euri-

265 1495 377 1580 pides,
404 1496 495 1561 Echo
518 1493 739 1577 adsimulans,
761 1492 957 1559 intercinit³
978 1515 1134 1578 perquam
1145 1492 1270 1578 jocose3
1287 1493 1339 1558 hic

266 1609 382 1674 deinde
406 1609 562 1675 Perseum'
577 1629 677 1694 agens
694 1606 817 1672 solvere
832 1611 926 1692 parat
941 1607 1202 1686 Andromedam3
1221 1607 1341 1692 Scytha

266 1727 375 1788 tamen
409 1746 482 1789 eam
513 1722 678 1789 dimittere
700 1744 766 1788 non
789 1722 880 1806 vult,
905 1722 1155 1808 adstantemque
1179 1721 1340 1788 vindicem

266 1844 365 1923 negat
395 1838 486 1904 aliud
520 1860 591 1904 csse
628 1837 693 1902 nisi
728 1858 838 1902 senem
873 1837 1074 1923 improbum,
1113 1837 1192 1923 quin
1228 1836 1340 1901 stricto

265 1950 404 2038 denique
434 1953 545 2040 gladio
571 1952 716 2017 minatur
734 1951 852 2017 fictitio
874 1951 925 2016 illi
955 1952 1081 2017 Perseo.
1130 1951 1254 2018 lterum
1277 1951 1340 2037 igi-

266 2072 319 2131 tur
350 2066 462 2152 fugere
494 2072 623 2133 coactus
653 2057 846 2151 Euripides,
871 2065 996 2151 aliquid
1020 2066 1097 2130 novi
1121 2066 1339 2143 machinatum

267 2177 393 2244 scilicet
425 2201 500 2245 cum
532 2178 724 2246 mulieribus
747 2185 863 2263 pactus
887 2183 925 2244 ut
946 2178 1142 2265 permittant
1165 2180 1195 2246 ei
1218 2179 1341 2245 solvere

266 2291 523 2374 Mnesilochum,
557 2291 585 2356 si
615 2289 728 2356 fallere
750 2291 857 2375 possit
882 2290 1048 2376 Scytham,
1074 2293 1119 2378 ἐφ’
1140 2291 1191 2377 ᾧτ’
1212 2292 1341 2357 ἀκοῦσαι

224 2441 225 2444 “
263 2401 358 2488 μηδὲν
379 2404 430 2470 ὑπ’
453 2408 526 2488 ἐμοῦ
546 2401 669 2488 μηδαμὰ
692 2408 788 2472 κακὸν
809 2408 845 2470 τὸ
867 2405 985 2471 λοιπόν
996 2405 1020 2477 ⁴,
1052 2405 1112 2470 sub
1146 2405 1238 2471 lenae
1268 2427 1340 2491 per·

265 2513 573 2601 soua'progneditur
594 2538 668 2582 cum
691 2524 829 2582 venusta
851 2517 1069 2600 meretricula,
1086 2497 1168 2604 duae
1184 2518 1340 2604 Scytham

264 2629 382 2695 amoris
407 2627 551 2694 stimulis
576 2629 692 2695 incitat
700 2657 708 2708 ;
733 2629 786 2696 hic
809 2634 921 2698 autem
944 2631 1023 2696 dum
1046 2652 1123 2696 cum
1145 2631 1255 2715 puella
1279 2631 1340 2696 ali-

264 2742 454 2827 quantisper
488 2741 629 2825 secedit,
666 2742 840 2828 Euripides
872 2742 991 2808 liberat
1020 2743 1275 2827 Mnesilochum,
1308 2751 1341 2810 et

264 2854 385 2939 Scytha
407 2878 554 2922 reversus
576 2879 707 2923 scenam
729 2880 865 2924 vacuam
887 2857 1030 2941 invenit,
1055 2857 1188 2924 delusus
1210 2858 1342 2924 vafritie

264 2967 452 3053 Euripidis,
489 2971 546 3056 qui
576 2977 651 3055 post
683 2971 793 3036 crebra
816 2969 955 3036 artificia
979 2971 1099 3053 victor,
1123 2971 1247 3057 gratias
1271 2971 1341 3058 agit

265 3081 405 3148 Hermae
429 3084 525 3149 Dolio
550 3085 588 3159 ὃς
608 3090 693 3149 ταυτὶ
714 3089 770 3167 μὲν
793 3085 835 3150 ’ἔτι
856 3083 963 3159 καλῶς
984 3093 1064 3149 ποιεῖ
1075 3086 1097 3142 ⁵·

309 3194 418 3260 Facile
441 3195 636 3281 perspicitur
659 3194 739 3281 quid
762 3194 903 3260 comicus
927 3194 1070 3260 ludendo
1093 3197 1146 3262 hic
1165 3195 1336 3282 vituperet.

265 3307 377 3374 Oea-cis
411 3309 536 3374 scilicet
563 3307 647 3372 ratio
679 3307 883 3373 nunciandae
913 3308 1029 3374 mortis
1051 3308 1224 3394 fraternae,
1250 3310 1340 3376 Echo

263 3420 376 3507 λόγων
398 3418 540 3507 ἀντῳδὸς
563 3422 800 3508 ἐπικοκκάστρια
815 3419 839 3503 ⁶,
874 3421 953 3486 haec
991 3428 1023 3487 et
1058 3422 1181 3489 similia
1207 3424 1341 3489 inventa

264 3531 431 3611 callidiora
465 3555 563 3620 quam
596 3555 655 3618 pro
685 3532 827 3620 tragicae
861 3556 975 3600 scenae
1007 3536 1169 3622 dignitate
1197 3539 1227 3604 ci
1250 3539 1340 3604 vide-

263 3645 390 3712 bantur.

297 3933 304 3964 ¹
338 3934 384 3982 Vs.
402 3933 458 3985 927.

295 4021 306 4053 ²
338 4024 383 4070 Vs.
404 4024 473 4072 1011.

228 4110 230 4114 ’
296 4113 306 4144 ³
339 4115 384 4162 Vs.
413 4114 582 4164 ruofi-1096.
617 4114 749 4177 Euripides
774 4100 822 4175 rrlir
844 4115 896 4178 ἠχὼ
915 4116 1029 4182 εἰςὴγαγε
1048 4119 1247 4171 κακοσνὲνακτον
1265 4123 1293 4172 ἐν
1309 4127 1341 4187 τῇ

265 4202 413 4268 Ἀνδρομέδᾳ
432 4203 543 4265 (Scholl.
641 4205 645 4214 '
908 4199 911 4208 ³

296 4294 305 4324 ⁴
339 4294 384 4342 Vs.
404 4295 473 4344 1162.

297 4385 306 4411 ἢ
339 4385 385 4432 Vs.
406 4385 476 4434 1202.

297 4472 306 4503 ⁶
341 4475 386 4522 Vs.
407 4475 477 4522 1059.
