3216 5154
764 370 801 431 31

245 553 277 610 et
303 546 490 631 “improbos
524 571 589 615 nen
622 550 810 616 ardentibus
845 553 966 634 taediS,
1002 556 1057 618 sed
1092 577 1211 641 angore
1242 581 1318 622 eon-

245 661 398 726 scientiae
422 661 609 749 fraudisque
633 665 777 730 cruciatu
799 665 923 751 agitare
945 674 978 730 et
1001 667 1189 733 insectari.''
1208 679 1216 716 ¹

290 775 328 839 In
359 775 424 841 fine
457 776 630 842 Electrae²
672 777 759 842 idem
792 779 868 844 licet
891 780 1075 864 observare,
1099 805 1181 867 quae
1207 783 1317 848 fabula
1389 839 1392 844 .

242 888 363 972 pariter
384 888 423 954 de
446 888 724 973 Clytaemnestrae
749 897 851 956 morte
874 891 952 976 agit.
992 891 1076 956 Nam
1100 893 1248 960 Dioscuri
1261 895 1317 980 qui

243 1001 364 1066 adsunt
388 1001 429 1067 ed
448 1024 515 1067 rem
532 1003 595 1069 ἀπὸ
616 1014 760 1088 μηχανῆς
772 1004 1006 1087 dirimendam,
1023 1004 1169 1071 Orestem
1183 1013 1221 1071 ut
1233 1007 1317 1071 bouo

243 1115 352 1179 anime
382 1115 426 1179 sit
454 1116 635 1199 hortantur,
668 1125 701 1182 et
734 1117 882 1182 Electrae
913 1139 987 1183 cum
1020 1118 1142 1202 Pylade
1165 1121 1316 1205 nuptias,
1409 1141 1412 1148 ’

243 1251 350 1295 coram
387 1233 519 1297 matris
535 1232 688 1298 cadavere
719 1232 824 1298 adhuc
861 1241 1007 1317 tepente,
1043 1233 1176 1298 infando
1209 1233 1317 1298 emine

242 1344 435 1425 conciliant,
459 1345 506 1409 ita
527 1353 564 1410 ut
588 1345 698 1430 virago
721 1345 780 1411 illa
801 1346 953 1430 opinione
979 1368 1038 1410 sua
1059 1345 1197 1448 pelenus
1212 1347 1317 1430 possit

242 1457 379 1542 abjicere
411 1457 560 1523 timorem
597 1479 693 1542 quem
724 1479 770 1522 vs.
806 1460 890 1522 1199
926 1480 994 1543 sqq.
1033 1457 1236 1541 ostenderat,
1276 1480 1316 1523 ne

242 1570 372 1655 piaculo
404 1570 560 1636 obstricta
587 1569 724 1634 thalami
748 1591 861 1654 expers
884 1559 1039 1635 maneret.
1079 1570 1210 1635 Scilicet
1232 1571 1315 1635 nihil

242 1684 394 1748 videntur
424 1684 591 1768 antiquius
616 1683 768 1748 habuisse
790 1682 1047 1768 Agamemnonis
1071 1682 1164 1748 liberi
1189 1692 1316 1749 mortua

242 1804 360 1879 matre,
394 1818 492 1882 quam
523 1804 561 1860 ut
598 1796 844 1861 matrimonium
868 1795 997 1862 inirent.
1047 1795 1162 1860 Puella
1185 1802 1313 1880 autem,

242 1934 324 1997 quae
345 1933 454 1978 reeens
476 1932 496 1974 a
518 1909 632 1977 matris
656 1911 752 1975 caede
774 1910 813 1974 de
835 1910 960 1995 nuptiis
983 1909 1122 1994 cogitat,
1148 1919 1206 1974 aut
1222 1932 1314 1975 men-

243 2033 347 2090 strum
379 2034 446 2089 tam
478 2031 529 2090 est
563 2023 757 2089 horrendum
781 2029 819 2086 ut
841 2044 927 2086 mors
951 2044 1016 2086 una
1039 2022 1074 2086 in
1097 2020 1167 2106 ejus
1188 2023 1314 2108 suppli-

242 2139 326 2203 cium
357 2160 472 2223 parum
502 2140 562 2223 sit,
596 2144 654 2203 aut
684 2136 812 2202 scenica
837 2158 925 2221 pupa
948 2143 986 2200 ut
1008 2135 1104 2200 mode
1128 2137 1313 2218 nominavi,

242 2249 325 2314 nihil
349 2257 465 2335 sponte
489 2272 548 2316 sua
569 2272 685 2336 agens,
709 2249 766 2313 sed
788 2247 941 2312 coelitum
964 2255 1046 2312 nutu
1070 2248 1156 2313 ultro
1170 2249 1315 2335 citroque
1357 2339 1358 2342 Ἴ

241 2385 275 2428 se
296 2370 441 2428 vertens:
463 2364 644 2429 eommunis
669 2382 743 2426 vero
765 2360 979 2425 humanitatis
994 2360 1074 2424 nihil
1088 2361 1316 2426 omninoinest

240 2476 316 2541 huic
339 2476 473 2543 Atridae
494 2476 660 2562 progeniei
675 2484 695 2541 ³.

273 2708 280 2741 ¹
315 2709 367 2760 Cic.
385 2711 415 2759 de
432 2711 495 2772 Leg.
514 2711 534 2767 I,
555 2711 593 2766 14,
603 2711 641 2758 40.
655 2735 682 2744 -
692 2709 898 2772 IdempreRosc.
908 2709 996 2756 Amet.
1006 2711 1045 2767 24,
1055 2711 1099 2761 67:
1118 2710 1314 2775 “Suoquemque

240 2798 323 2848 “lrsus
348 2810 373 2848 at
398 2814 456 2848 suus
473 2808 555 2848 terror
570 2801 679 2848 maxime
697 2807 785 2857 vexat,
803 2813 876 2847 suum
892 2812 1015 2862 quemque
1032 2800 1113 2848 scelus
1129 2801 1216 2864 agitat,
1232 2816 1315 2850 amen·

241 2887 337 2951 “tiaque
354 2889 442 2947 elficit,
460 2904 519 2938 suae
538 2889 616 2938 malae
632 2889 795 2952 cogitationes
809 2888 1020 2951 conscientiaeque
1037 2887 1113 2936 animi
1131 2897 1233 2937 terrent.
1259 2889 1313 2937 Huc

240 2983 315 3027 “sunt
339 2979 422 3043 impiis
435 2981 558 3027 assiduae
576 2979 771 3040 domesticaeque
787 2977 878 3034 furiae,
897 2991 959 3040 quae
975 2977 1027 3024 dies
1043 2984 1174 3038 noctesque
1191 2992 1284 3041 peenas
1300 2995 1315 3024 a

239 3069 497 3118 “consceleratissimis
515 3069 570 3116 tiliis
586 3065 726 3132 repetant.''

272 3154 282 3188 ²
316 3159 371 3206 Hoc
395 3160 482 3207 drama
510 3173 525 3205 a
544 3158 699 3208 Bernhardio
716 3166 817 3208 vocatur
836 3159 891 3208 “ein
909 3159 1035 3208 Denkmal
1052 3161 1095 3208 des
1112 3157 1187 3206 tiefen
1204 3157 1314 3207 Versalls

240 3246 265 3293 in
283 3247 368 3295 liunst
384 3251 433 3296 und
451 3249 628 3308 Gesehmsek'',
646 3266 702 3314 pag.
721 3251 776 3299 493.

272 3336 281 3366 ³
315 3337 384 3384 Inter
408 3337 533 3387 Electram
560 3340 722 3403 Sophocleum
749 3348 774 3387 et
795 3339 968 3401 Euripideum,
994 3338 1080 3386 addita
1096 3338 1219 3386 interdurn
1237 3339 1313 3386 etiarn

237 3426 313 3475 tertia
339 3425 380 3474 ills
404 3441 437 3475 ex
462 3428 582 3491 Aeschyli
606 3428 772 3491 Cheephoris,
798 3429 896 3491 saepius
919 3438 956 3476 est
972 3427 1085 3478 instituta
1101 3428 1265 3490 comparatio,
1282 3431 1312 3476 de

238 3531 287 3577 qua
312 3530 361 3564 non
387 3516 459 3580 hujus
485 3517 532 3565 loci
559 3528 596 3566 est
619 3532 702 3580 agere.
738 3519 792 3566 Hoc
810 3533 885 3566 unum
902 3518 1035 3566 observare
1053 3516 1113 3564 mihi
1129 3516 1214 3575 liceat,
1230 3517 1312 3566 dirum

239 3605 314 3660 illud.
340 3612 388 3669 quo
413 3607 514 3669 Electra
538 3607 667 3670 Euripidis
692 3608 774 3666 ardet,
799 3607 885 3656 matris
910 3607 994 3655 odium
1011 3606 1079 3655 nulla
1096 3609 1125 3654 t'n
1142 3609 1202 3668 ipsc
1213 3607 1312 3667 fabula

238 3696 351 3758 accipere
367 3696 541 3756 incitamenta;
562 3697 638 3747 immo
653 3697 878 3760 Clytaemnestram
895 3697 1009 3745 audimus
1026 3695 1145 3744 benevole
1162 3704 1188 3743 et
1207 3696 1313 3744 demisse

239 3784 390 3847 loquentem;
416 3782 553 3849 Sophoclea
578 3803 637 3836 sero
661 3789 762 3837 Electra
787 3797 871 3835 narrat
887 3786 958 3835 nobis
982 3785 1067 3834 matris
1082 3784 1168 3847 jurgia
1185 3785 1312 3849 minasque
1355 3847 1358 3854 1

240 3875 285 3932 (vs.
302 3876 452 3939 asi—298),
470 3883 494 3924 et
511 3891 526 3924 a
542 3875 751 3940 Chrysothemide
768 3878 836 3926 audit
852 3891 878 3925 se
896 3876 927 3925 ab
944 3876 1069 3939 Aegistho
1080 3884 1106 3924 et
1114 3875 1313 3942 Clytaemnestra

235 3963 338 4025 jamjam
356 3965 515 4014 subterraneo
532 3981 628 4016 carcere
645 3966 768 4015 inclusum
785 3967 816 4014 iri
833 3966 878 4028 (vs.
895 3967 949 4030 379Ι
961 3977 1032 4029 sqqt.
1060 3965 1136 4015 Caedi
1148 3966 1312 4029 porroteujus

238 4067 295 4115 pars
320 4054 400 4102 multa
424 4065 460 4103 est
485 4057 585 4105 Electra
610 4057 754 4120 Euripides)
780 4071 828 4105 non
846 4034 928 4114 adest,
946 4056 993 4106 etsi
1010 4056 1106 4118 probet,
1124 4064 1149 4104 et
1166 4055 1197 4103 de
1214 4065 1312 4104 mortua

239 4158 294 4192 cum
319 4145 477 4195 miseratione
496 4147 615 4210 loquitur:
635 4147 752 4208 τέθνηκεν
769 4147 784 4206 ἡ
802 4149 910 4196 τάλαινα
933 4147 978 4209 (vs.
999 4148 1081 4210 1426)‚·
1100 4146 1193 4194 mulier
1208 4145 1311 4210 denique

239 4243 289 4291 est,
313 4249 363 4295 nqn
388 4236 456 4284 mitis
480 4235 594 4299 quidem,
621 4237 664 4284 sed
689 4235 778 4285 mulier
805 4244 900 4284 tamen:
926 4236 953 4285 in
978 4236 1106 4300 Euripidis
1123 4249 1183 4284 vero
1199 4237 1310 4285 dramate

239 4322 320 4384 potius
346 4323 473 4388 sanguinis
498 4326 625 4375 sitientem
652 4326 771 4388 tigridem
797 4327 881 4374 videre
907 4333 930 4372 te
955 4324 1058 4373 dixeris.
1085 4323 1134 4385 (Cf.
1151 4326 1309 4388 caeteroquin
1378 4381 1381 4388 ,

238 4412 301 4460 insra
319 4429 367 4476 png
394 4418 433 4473 to,
450 4417 497 4464 adn
528 4419 559 4479 l)
