3216 5154
766 350 934 472 51¹

247 567 382 660 Hecuba
405 593 494 659 canit
519 593 696 678 Euripidea
712 593 734 675 ¹,
751 594 897 681 longiore
922 602 1030 661 tamen
1058 617 1155 682 quam
1172 617 1253 683 quae
1269 597 1322 664 hio

245 707 455 774 exscribatur.
505 706 616 771 Etiam
642 706 676 770 in
701 707 883 793 Vesparum
906 709 1019 791 initio,
1040 711 1100 775 'ubi
1124 711 1244 796 duplex
1270 735 1322 778 so-

246 809 372 886 mnium
385 825 544 901 narratur,
557 818 700 884 comicus
714 818 851 885 fortasse
863 820 1052 907 Euripidem
1066 823 1218 909 respexit.
1245 825 1323 889 Miri

246 935 366 1000 abusus
398 934 531 1018 praebet
555 933 742 1018 exemplum
771 933 899 1000 Rhesus
923 934 1051 1018 fabula,
1076 937 1199 1022 inqua
1225 937 1324 1003 Rhesi

249 1048 363 1132 auriga
397 1045 521 1112 refert²
544 1052 582 1111 ut
605 1045 731 1111 somnio
755 1046 874 1112 viderit
897 1048 991 1132 lupos
1016 1048 1199 1116 insilientes
1222 1051 1323 1137 tergis

247 1182 404 1245 equorum
437 1159 606 1242 herilium,
638 1161 884 1246 expergefactus
914 1168 1025 1228 autem
1049 1165 1248 1231 trucidatum
1273 1165 1324 1227 in·

246 1273 371 1340 venerit
394 1273 539 1338 Rhesum
564 1279 596 1338 et
619 1293 716 1358 equos
743 1273 784 1338 ab
808 1273 906 1339 Ulixe
926 1279 959 1339 et
983 1274 1141 1341 Diomede
1157 1277 1322 1344 abductos.

247 1385 376 1454 Numen
413 1387 514 1473 igitur
548 1386 600 1452 vel
636 1408 790 1474 equorum
825 1395 945 1454 sortem
980 1389 1115 1476 dignam
1134 1391 1262 1477 J'udioat
1285 1392 1325 1456 de

247 1525 312 1589 qua
333 1502 429 1588 signa
451 1502 546 1568 edat?
595 1501 658 1567 Sed
683 1523 700 1566 e
723 1501 870 1567 dramate
895 1501 952 1567 illo
968 1509 1119 1588 suspecto
1132 1510 1326 1590 argumenta

246 1622 355 1702 petere
389 1615 480 1694 nolo;
515 1614 605 1680 aliud
636 1615 746 1700 potius
771 1615 924 1681 adeamus
949 1617 1035 1701 quod
1058 1621 1164 1682 certae
1187 1624 1238 1683 est
1261 1617 1324 1682 ori-

246 1730 352 1816 ginis,
387 1730 593 1817 Iphigeniam
626 1721 811 1814 Tauricam,
843 1731 876 1794 in
901 1730 993 1816 cujus
1016 1730 1151 1817 prologo
1174 1753 1231 1816 per
1254 1731 1324 1795 ani-

247 1842 312 1909 lem
345 1844 609 1930 superstitionem
647 1842 773 1909 somnio
805 1843 944 1929 quodam
979 1844 1153 1930 Iphigenia
1174 1844 1325 1930 portendi

247 1964 344 2044 putat
377 1964 513 2023 mortem
547 1956 657 2023 fratris
690 1955 825 2022 Orestis.
874 1955 947 2023 Seio
978 1957 1109 2045 quidem
1134 1956 1325 2044 Euripidem

248 2093 313 2136 non
342 2072 485 2156 primum
517 2070 652 2136 somniis
676 2071 710 2135 in
734 2069 901 2156 tragoedia
924 2091 1020 2136 usum
1044 2092 1132 2155 esse,
1158 2071 1214 2136 sed
1241 2069 1326 2136 male

248 2206 344 2250 usum
377 2183 555 2261 contendo;
587 2204 692 2269 neque
723 2182 809 2269 quod
841 2181 914 2248 aliis
947 2182 1081 2267 licebat,
1113 2183 1176 2249 sibi
1200 2205 1327 2270 quoqne

247 2297 435 2384 permittere
465 2297 637 2374 debuerat3
673 2297 733 2362 hoc
757 2295 846 2361 enim
869 2295 1080 2363 divinationis
1102 2319 1207 2384 genus
1232 2319 1326 2364 usur-

248 2434 325 2498 pare
347 2412 381 2476 in
404 2411 525 2477 fabulis
549 2432 609 2476 sua
631 2431 706 2475 eum
729 2410 860 2475 vetabat
882 2410 1108 2496 philosophia,
1133 2413 1220 2478 unde
1232 2418 1327 2478 norat

249 2547 306 2611 pro
329 2526 420 2592 inani
443 2528 627 2591 commento
650 2523 833 2590 habendam
857 2545 927 2589 esse
950 2522 1042 2588 illam
1066 2529 1327 2612 dverpopavrrtav·

295 2647 321 2704 Α
343 2641 568 2726 πολυμηχανίᾳ
591 2659 686 2725 porro
708 2660 775 2704 non
798 2637 981 2723 disjunctus
1005 2643 1056 2703 est
1076 2635 1230 2722 frequens
1250 2636 1327 2702 deo·

253 2773 326 2816 rum
350 2751 554 2816 interventus
578 2750 618 2816 de
641 2771 705 2835 quo
715 2749 786 2835 jam
798 2748 940 2814 vidimus
954 2750 1069 2833 (supra
1080 2771 1153 2834 pag.
1169 2751 1212 2813 29
1226 2751 1324 2835 sqq).

252 2863 354 2950 Saepe
388 2865 476 2930 enirn
510 2870 549 2930 nt
582 2863 659 2929 deos
694 2862 865 2936 deduceret
897 2863 932 2927 in
965 2884 1094 2929 scenam
1125 2869 1254 2929 coactus
1278 2871 1329 2959 est

250 2999 366 3063 parum
396 2976 537 3044 naturali
569 2978 753 3043 dramatum
786 2981 963 3060 stmctura,
994 2998 1059 3063 qua
1080 2977 1180 3042 fiebat
1201 2982 1240 3042 ut
1261 2997 1327 3041 non

253 3091 319 3157 nisi
342 3090 426 3157 alter
448 3089 582 3177 quidam
607 3091 832 3174 PrometheUS,
858 3087 960 3166 δεινὸς
972 3092 1072 3177 εὑρεῖν
1084 3087 1143 3164 redd
1154 3089 1327 3176 ἀμηχάνων

251 3209 374 3293 πόρους
389 3206 412 3288 ³,
445 3204 547 3269 nodos
579 3211 646 3270 tam
679 3203 839 3269 laboriose
871 3207 1034 3268 contortos
1058 3207 1169 3286 posset
1192 3201 1340 3285 solvere,-

253 3317 426 3402 Euripides
449 3325 578 3400 autern,
603 3316 813 3403 quantumvis
834 3314 990 3398 callidus,
1015 3314 1080 3380 nisi
1104 3315 1182 3380 deus
1195 3318 1329 3380 navaret

253 3452 400 3517 operam,
426 3429 610 3514 tragoediae
630 3429 730 3494 finem
755 3429 901 3495 invenire
924 3427 1080 3514 nequiret.

290 3669 296 3700 ¹
330 3667 427 3718 Hecub.
446 3679 481 3717 vs.
498 3667 538 3716 68.

286 3756 297 3788 ²
331 3759 407 3808 Rhea.
424 3773 461 3808 vs.
479 3757 529 3810 780
545 3769 597 3820 sqq.

288 3851 297 3880 ³
331 3849 424 3898 Aesch.
442 3847 526 3897 Proin.
545 3860 580 3896 vs.
598 3845 638 3896 59.
