3216 5154
813 404 855 465 20

294 589 443 654 Socrates
473 588 611 670 coleret,
644 589 787 654 Aethera
819 589 974 652 nimirum
1005 589 1190 675 Nubesque.
1240 588 1304 657 seo
1328 590 1367 656 de

293 702 334 766 iis
358 701 492 787 posthac
516 701 645 767 uberius
672 701 840 786 aliquanto
864 701 924 766 erit
946 701 1138 786 dicendum,
1156 702 1212 768 ubi
1225 703 1366 769 adalind

292 815 435 899 crimen,
467 811 787 902 μετεωραδολεσχίας,
821 816 910 900 (pag.
939 818 979 878 53
1004 816 1092 900 sqq.)
1115 817 1364 900 pervenerimus.

454 1183 469 1265 ξ
496 1189 525 1248 2.
575 1186 627 1248 Aa
639 1183 717 1268 jare
741 1173 972 1266 Aristophanes
996 1183 1041 1246 ito
1064 1184 1203 1248 senserit.

339 1387 377 1452 si
400 1385 469 1472 jam
494 1407 587 1472 roges
612 1407 676 1471 quo
694 1384 768 1470 jure
793 1383 984 1469 Euripidem
1009 1384 1187 1469 impietatis
1213 1384 1369 1450 incusarit

296 1499 548 1584 Aristophanes,
572 1498 683 1584 negari
708 1519 773 1562 non
797 1505 922 1583 potest,
940 1483 1057 1562 ¹revera
1080 1520 1154 1562 eum
1177 1498 1278 1572 fuisse
1293 1519 1369 1563 con-

295 1619 467 1678 temtorem
491 1612 644 1695 deorum,
670 1633 781 1676 eorum
805 1612 921 1677 saltem
937 1612 1069 1677 deorum
1086 1635 1166 1699 quos
1178 1612 1216 1706 'in
1230 1611 1370 1698 Olympo

293 1717 481 1794 habitantes
515 1747 533 1794 e
567 1727 770 1814 mythologie
795 1737 913 1792 norant
938 1727 1061 1793 Graeci.
1115 1727 1293 1812 Postquam
1318 1747 1369 1790 sea

291 1843 360 1906 rnel
388 1843 530 1928 cogitare
553 1849 588 1908 et
611 1831 778 1926 disputare
802 1839 966 1926 inceperat
989 1839 1031 1904 de
1053 1839 1092 1903 iis
1117 1837 1369 1920 narrationibus,

292 1957 415 2039 partim
436 1955 591 2041 poeticis,
617 1955 738 2040 partim
761 1954 925 2037 mysticis,
952 1973 1036 2038 quae
1055 1971 1113 2036 per
1136 1951 1230 2034 plura
1243 1950 1371 2015 saecula

295 2071 482 2136 coaluerant
497 2071 530 2134 in
555 2069 734 2134 doctrinam
760 2067 922 2154 quandam
948 2066 1162 2151 theologicam
1178 2077 1198 2147 ¹,
1224 2087 1288 2130 non
1312 2086 1370 2150 po·

293 2190 380 2248 terat
410 2183 489 2269 quin
520 2184 555 2248 in
589 2181 658 2247 dies
692 2182 797 2267 magis
832 2157 925 2246 fieret
947 2179 1149 2262 incredulus,
1174 2185 1206 2244 et
1232 2179 1370 2263 denique

295 2302 399 2360 totam
428 2296 619 2382 religionem
644 2319 663 2362 a
685 2297 834 2381 patribus
857 2301 1040 2381 acceptam,
1065 2316 1141 2360 eum
1165 2293 1296 2359 usitatis
1317 2317 1369 2358 sa-

239 2445 241 2452 ,
296 2407 374 2492 cris,
398 2409 532 2474 haberet
553 2431 615 2494 pro
636 2409 777 2474 absurda
801 2409 1051 2494 superstitione,
1077 2415 1110 2472 et
1132 2407 1185 2472 vel
1205 2406 1371 2473 dubitaret

290 2545 337 2587 an
361 2522 408 2587 dii
433 2520 568 2589 omnino
590 2531 709 2590 essent
760 2521 833 2588 Non
858 2521 942 2588 nrale
966 2522 1071 2606 possis
1096 2543 1281 2606 comparare
1301 2521 1369 2586 cul-

293 2643 367 2702 tum
391 2636 486 2702 illum
507 2638 639 2703 deorum
652 2660 726 2703 cum
737 2645 868 2705 vetusta
880 2640 992 2722 domo,
1007 2636 1191 2724 quaa-dum
1203 2636 1368 2702 abstineas

292 2771 430 2832 manus,
455 2748 642 2816 etiamnunc
665 2751 721 2817 diu
734 2752 840 2837 possit
849 2758 937 2817 stare
949 2758 981 2816 et
994 2749 1045 2815 uel
1059 2749 1153 2814 firma
1162 2749 1265 2814 videri
1276 2771 1368 2834 prae-

293 2863 515 2940 tercuntihus3
532 2863 586 2928 sin
603 2864 869 2930 intromittuntur
881 2886 997 2948 operae
1008 2863 1068 2948 qui*
1080 2863 1132 2927 hic
1144 2858 1213 2926 illic
1224 2862 1368 2948 aliquam

294 2983 440 3059 partem,
471 2975 648 3042 fenestram
666 2977 847 3062 januamve
867 2977 919 3042 sol
940 2970 1101 3058 imbrices,
1126 2975 1314 3040 examinent
1337 2981 1370 3039 et

295 3088 414 3154 vitiosa
434 3089 626 3173 emendent,
651 3092 785 3156 admota
807 3113 894 3156 serra
907 3097 942 3154 et
954 3089 1057 3154 securi
1068 3110 1144 3153 mox
1157 3088 1261 3174 liquet
1272 3087 1367 3172 plura

297 3223 367 3267 esse
392 3201 557 3286 tollenda,
581 3204 698 3268 deinde
721 3203 785 3289 ipsi
808 3203 894 3268 muri
916 3203 1101 3286 labascunt,
1127 3203 1258 3268 tandem
1284 3201 1369 3286 opti-

295 3337 386 3380 mum
410 3315 538 3382 videtur
560 3325 662 3382 totam
687 3316 918 3382 domunculam
943 3316 1011 3381 solo
1033 3338 1179 3402 aequare.
1258 3333 1260 3337 ’

342 3428 448 3508 Quum
480 3438 592 3494 autem
623 3429 798 3515 Euripides
828 3430 928 3495 simul
963 3430 997 3494 in
1021 3431 1235 3515 Anaxagorae
1259 3428 1371 3494 schola

295 3562 426 3626 operam
459 3540 603 3607 dedisset
633 3537 727 3606 rebus
762 3537 922 3626 physicis,
952 3542 1012 3608 hoc
1034 3542 1134 3606 etiam
1158 3541 1227 3626 egit
1249 3547 1287 3606 ut
1310 3563 1368 3605 na·
1400 3554 1403 3559 “

295 3655 434 3720 turalem
469 3664 635 3740 quaereret
668 3655 918 3742 explicationem
951 3656 1136 3722 fabularum
1171 3655 1368 3740 mythologi-

293 3790 421 3851 carum,
446 3790 510 3853 quo
532 3767 656 3834 facturn
679 3777 730 3834 est
752 3778 790 3834 ut
813 3770 901 3854 ipsos
918 3770 993 3836 deos
1010 3792 1084 3836 curn
1097 3769 1219 3835 viribus
1233 3775 1368 3834 naturae

382 3945 488 4008 Dionys.
522 3946 555 3994 ἴθι
572 3942 602 4005 δι)
621 3943 761 4010 προςιῦχου
778 3951 860 3996 τοῖσιν
876 3945 987 4005 ἶδιώταις
1005 3947 1079 4005 θεοῖς,

381 4035 445 4083 blac.
518 4033 606 4097 αἰθήρ,
625 4035 686 4100 ἐμὸν
702 4035 834 4098 βόσκημα,
852 4037 893 4085 καὶ
910 4037 1025 4101 γλώττης
1042 4034 1173 4102 στρόφιγξ,

520 4125 561 4174 καὶ
579 4123 662 4180 ξύνεσι
679 4126 720 4172 καὶ
736 4129 858 4190 μυκτῆρες
877 4124 1068 4190 ὀσφραντήριοι,

521 4214 600 4277 ὀρθῶς
615 4213 641 4278 μ’
658 4213 769 4280 ἐλέγχειν
785 4213 821 4263 ὧν
838 4216 871 4263 ἂν
888 4214 1007 4278 ἅπτωμαι
1023 4215 1115 4280 λόγων.

328 4301 336 4332 ¹
355 4303 391 4352 Ut
414 4303 480 4366 apud
504 4303 634 4354 Platonem
658 4305 718 4354 dicit
739 4305 905 4354 Adimantus:
922 4305 969 4352 “de
986 4303 1035 4352 diis
1052 4304 1096 4352 οὐκ
1113 4303 1223 4352 ἄλλοθεν
1239 4303 1311 4367 ἴσμεν
1327 4304 1368 4350 καὶ

293 4391 451 4457 “ἀκηκοάριν
474 4393 534 4452 ἢέκ
551 4412 577 4443 τι
598 4399 650 4444 τῶν
666 4394 751 4460 λόγων
768 4395 809 4444 καὶ
827 4398 878 4443 τῶν
894 4393 1137 4458 γενεαλογησάντων
1155 4393 1293 4452 ποιατιῒιν,”
1328 4394 1367 4440 lle

296 4481 591 4546 mumma
