3216 5154
792 411 833 470 44

274 593 388 660 cienda
422 593 602 678 praebetis,
636 597 778 676 caetera,
814 592 905 658 illinc
937 593 1175 682 quodammodo
1207 601 1347 685 remota,

274 729 373 772 manu
405 706 523 802 leviore
549 706 706 772 tractatis.
755 706 868 791 Neque
892 705 925 769 in
950 706 1022 772 luce
1044 712 1078 772 et
1100 707 1217 771 umbra
1239 707 1348 792 dispo-

274 821 389 885 nendis
414 819 586 905 quicquam
613 819 705 884 vobis
729 818 856 884 cautius
873 819 996 884 vitatur
1011 840 1108 905 quam
1122 819 1241 883 vitium
1253 818 1347 904 illud,

260 934 360 1020 'quod
383 932 553 998 vernacule
577 931 707 1017 propria
728 954 804 998 voce
819 935 827 973 ¹
841 931 1036 1018 appellatis,
1056 933 1193 998 Latinae
1208 934 1350 999 versioni

273 1047 382 1112 miuus
423 1052 501 1132 apta
542 1046 599 1111 sed
639 1067 707 1111 rem
741 1046 881 1131 perbene
912 1047 1115 1130 exprimente
1151 1046 1226 1125 (nec
1264 1047 1348 1112 male

273 1160 505 1225 nonnullarum
540 1159 708 1245 Euripidis
732 1159 917 1225 fabularum
940 1160 1095 1225 mendum
1120 1158 1346 1245 designante),

273 1295 337 1359 quo
360 1271 445 1338 oculi
469 1272 658 1355 turbantur,
683 1270 812 1337 nullum
836 1270 943 1336 locum
968 1271 1171 1337 invenientes
1193 1293 1257 1358 quo
1272 1294 1348 1358 prae

272 1386 406 1452 caeteris
430 1385 616 1451 alliciantur
639 1391 673 1450 et
694 1385 751 1450 ubi
776 1384 987 1471 requiescant.
1037 1385 1163 1479 Eadem
1187 1385 1348 1451 valentde

273 1501 313 1566 iis
345 1521 472 1586 quoque
491 1498 585 1564 ‘artis
620 1497 771 1583 operibus
805 1519 887 1583 quae
918 1521 984 1563 non
1008 1499 1110 1564 oculis
1135 1500 1191 1564 sed
1215 1499 1347 1565 auribus

273 1616 323 1680 vel
358 1615 457 1680 etiam
495 1613 564 1678 sola
597 1621 707 1678 mente
731 1611 975 1697 percipiuntur,
1000 1612 1151 1698 inprimis
1176 1598 1286 1679 autem
1309 1613 1348 1678 de

272 1735 340 1793 arte
365 1729 507 1814 tragica,
534 1748 633 1814 quam
656 1733 813 1792 vocarunt
835 1727 998 1813 picturam
1022 1749 1039 1792 e
1062 1727 1170 1792 verbis
1194 1732 1347 1792 constan-

272 1849 358 1926 tem,
396 1847 434 1906 ut
468 1840 590 1926 pictam
624 1838 770 1904 tabulam
804 1860 921 1924 poema
952 1838 1113 1905 coloribus
1147 1860 1345 1927 expressum.

272 1953 348 2020 Una
386 1954 431 2019 sit
462 1975 532 2037 res,
569 1975 654 2018 unus
689 1951 790 2035 μῦθος
822 1952 879 2038 qui
902 1961 1034 2037 agatur,
1059 1973 1125 2017 una
1147 1971 1285 2036 persona
1308 1952 1350 2016 ad

271 2087 369 2154 quam
401 2064 573 2150 praecipue
604 2063 649 2129 sit
678 2064 932 2147 attendendum,
966 2071 998 2130 et
1021 2063 1113 2149 cujus
1137 2086 1231 2130 casus
1255 2065 1348 2130 nobis

271 2178 360 2244 cordi
371 2177 454 2256 sint3
469 2177 632 2262 “denique
645 2175 689 2240 sit
700 2175 829 2262 quidvis
842 2155 981 2262 simpleir
994 2177 1155 2243 duntaxat
1167 2184 1201 2243 et
1212 2179 1347 2243 unum.’'

272 2291 308 2356 Si
338 2291 402 2357 duo
428 2290 550 2356 mortui
583 2288 682 2354 simul
713 2294 791 2353 sunt
810 2289 979 2374 plorandi,
1004 2296 1114 2356 utrum
1139 2291 1248 2375 potius
1271 2291 1348 2357 flea-

271 2426 343 2469 mus
367 2404 538 2470 haeremus
562 2400 679 2468 incerti
701 2401 883 2468 etfortasse
898 2402 1041 2468 lacrimis
1058 2403 1347 2470 omninoabstine·

270 2517 388 2582 bimus.
438 2516 474 2582 Si
505 2517 614 2602 plures
651 2524 729 2580 sunt
761 2517 935 2600 amandae,
970 2516 1179 2583 admirandae
1190 2543 1201 2600 ,·
1231 2519 1348 2583 abhor-

184 2677 186 2682 .
270 2631 389 2696 rendae
421 2631 562 2716 tragicae
593 2650 766 2715 personae,
791 2628 883 2695 nulla
906 2631 1037 2715 penitus
1062 2638 1176 2716 tanget
1199 2638 1346 2697 nostrum

270 2743 434 2826 animum,
469 2750 510 2816 et,
534 2742 669 2809 affectus
702 2742 738 2806 in
768 2742 862 2808 nobis
893 2743 1081 2810 evocabitur
1104 2749 1162 2809 aut
1184 2742 1266 2808 levis
1290 2753 1348 2808 aut

271 2857 390 2922 nullus.
441 2857 517 2922 Una
541 2860 611 2921 esto
634 2875 716 2940 quae
739 2854 861 2939 primas
889 2877 1001 2938 revera
1023 2862 1101 2942 agat
1120 2862 1242 2940 partes,
1257 2856 1349 2921 nulla

270 2970 383 3036 relicta
412 2968 617 3037 dubitatione
646 2986 756 3031 annon
781 2966 861 3033 duos
885 2967 936 3032 vel
960 2968 1071 3052 plures
1096 2968 1196 3034 etiam
1221 2976 1346 3055 specte-

270 3103 344 3147 mus
367 3081 646 3174 uporayuvmrdc.
712 3154 714 3160 Ι

317 3195 389 3260 Hac
421 3193 455 3256 in
480 3213 513 3257 re
536 3213 630 3257 verus
654 3198 750 3277 poeta
771 3214 836 3258 non
860 3193 965 3278 magis
988 3196 1108 3261 errabit
1130 3217 1229 3282 quam
1253 3217 1347 3262 verus
1400 3202 1403 3210 '

270 3309 374 3396 pictor
409 3305 461 3371 vel
494 3303 647 3370 musicus.
699 3304 746 3370 Ut
778 3326 882 3370 unium
913 3307 1046 3372 seminis
1076 3330 1214 3394 granum
1246 3320 1348 3374 terrae

270 3401 501 3502 commissum,
532 3418 588 3483 ubi
617 3418 739 3484 radices
763 3419 850 3504 egit,
874 3419 908 3483 in
932 3421 1055 3487 multos
1078 3421 1221 3487 ramulos
1244 3421 1347 3506 pluri-

270 3516 404 3620 mosque
435 3531 553 3598 florum
585 3531 709 3615 calyces
743 3553 777 3596 se
806 3531 981 3618 diffundit,
1006 3536 1052 3600 sic
1076 3534 1244 3599 inanimo
1267 3534 1347 3601 boni

270 3647 405 3716 artificis
430 3644 601 3727 materies,
626 3666 723 3742 qpam
749 3644 812 3710 sibi
836 3646 954 3732 elegit,
972 3647 1064 3732 quasi
1080 3647 1187 3732 surgit
1199 3653 1233 3712 et
1246 3669 1346 3734 auge-

271 3761 350 3845 scit,
376 3765 450 3845 post
471 3759 556 3823 inter
580 3758 786 3824 tractandum
813 3761 928 3826 crescit
951 3760 985 3825 in
1008 3782 1088 3846 opus
1099 3761 1246 3846 plenum,
1261 3761 1347 3826 mul-

270 3856 398 3960 tiplex,
428 3893 566 3956 magnae
599 3870 737 3936 fortasse
771 3871 1018 3957 amplitudinis,
1055 3874 1112 3939 sed
1143 3874 1191 3938 ita
1219 3895 1347 3961 quoque

269 3988 354 4052 inter
389 4007 422 4050 se
456 3982 647 4068 cohaerens,
681 3991 714 4048 et
744 3992 814 4049 tam
851 3986 1100 4072 “prodigialiter
1130 3988 1275 4071 unum'’,
1309 3995 1347 4052 ut

270 4101 362 4167 nulla
393 4119 467 4184 pars
503 4097 577 4162 tolli
608 4097 714 4182 possit
745 4097 821 4189 sine
845 4100 1114 4186 totiuscorporis
1138 4099 1344 4166 detrimento.

271 4217 393 4282 Contra
425 4191 564 4276 artifices
595 4209 651 4296 qui
684 4216 762 4278 sunt
792 4216 1006 4300 πονηροτέρου
1035 4218 1207 4299 κόμματος,
1237 4217 1347 4278 carent

268 4334 517 4347 ......-.---—-

300 4380 308 4413 ¹
343 4373 531 4430 “samuelem''
565 4374 731 4438 Aliquatenus
756 4382 840 4424 tamen
867 4373 973 4424 conferri
998 4383 1081 4438 potest
1098 4375 1203 4427 verbum
1226 4377 1346 4426 Latinum

267 4474 378 4524 horrere.
