3216 5154
819 393 838 454 8

298 577 430 644 Periclis
454 580 607 640 mortem:
634 575 706 640 ideo
729 574 937 659 optimatium
958 567 1104 659 partibus
1129 596 1163 640 se
1185 573 1311 639 addixit
1332 575 1360 656 ¹·‚

296 714 354 757 neo
386 691 558 776 quicquam
590 688 705 754 habuit
735 686 901 772 antiquius
934 708 1030 772 quam
1062 693 1099 753 ut
1121 692 1267 773 tempora
1287 687 1362 753 Ari-

297 803 391 869 stidis
423 812 456 868 et
491 801 635 869 Cimonis
668 805 830 866 revocaret
846 800 870 882 ¹,
903 821 961 884 pro
992 799 1114 866 viribus
1149 788 1233 883 suis,
1258 801 1363 865 multo

296 917 426 1003 quidem
449 915 624 1000 majoribus
648 935 747 999 quam
766 913 940 979 hodiernus
966 920 1061 998 poeta
1080 920 1242 999 praestare
1253 920 1364 999 posset

296 1033 329 1095 in
359 1030 454 1096 rebus
481 1029 640 1115 politicis,
674 1028 730 1092 sed
762 1029 810 1093 ita
831 1033 941 1093 tamen
965 1037 1002 1092 ut
1027 1027 1135 1093 minus
1161 1029 1218 1094 ille
1241 1029 1364 1094 valeret

294 1143 440 1209 versibus
463 1163 559 1228 quam
582 1141 639 1206 alii
661 1141 758 1206 multi
781 1147 838 1206 aut
859 1140 974 1226 opibus
1001 1146 1058 1205 aut
1081 1141 1200 1226 gladiis
1218 1142 1239 1206 ³.
1280 1138 1362 1205 Bea-

296 1262 350 1322 tus
384 1262 493 1322 autem
523 1254 686 1320 vocandus
722 1260 790 1338 est,
826 1255 911 1340 quod
933 1275 1000 1338 per.
1015 1254 1130 1339 longos
1153 1275 1255 1319 annos
1278 1275 1363 1318 nun-

296 1390 392 1454 quam
427 1367 610 1452 desperavit
639 1369 718 1454 quin
744 1389 801 1453 per
827 1389 886 1434 sua
908 1366 1052 1432 carmina
1074 1367 1259 1432 restitueret
1284 1366 1364 1431 civi·

295 1483 373 1548 tatis
416 1481 599 1568 civiumque
644 1481 861 1547 conditionem
906 1481 1097 1566 pristinam,
1143 1484 1176 1544 et
1219 1485 1365 1565 tempore

294 1594 467 1680 praeterita
493 1615 532 1659 ex
555 1615 627 1660 orco
651 1595 850 1680 protraheret
873 1599 910 1659 ut
932 1593 1130 1677 Aeschylum
1153 1593 1188 1657 in
1201 1593 1364 1658 Ranarum

294 1707 457 1772 comoedia
473 1707 501 1784 ‘3
536 1729 599 1793 qua
633 1707 666 1772 in
698 1729 731 1773 re
755 1707 878 1774 nescias
903 1712 1012 1772 utrum
1035 1706 1139 1792 magis
1163 1706 1288 1771 mireris
1312 1728 1363 1770 er-

294 1841 397 1884 rorem
422 1819 553 1904 judicii,
579 1841 641 1906 quo
665 1820 698 1884 id
722 1820 792 1884 fieri
814 1841 909 1904 posse
928 1819 1066 1904 putabat
1090 1819 1175 1904 quod
1199 1841 1366 1905 nunquam

294 1933 417 1998 factum
440 1939 490 1998 est
512 1955 617 2018 neque
638 1933 714 2014 fiet,
740 1942 777 1997 ut
788 1933 943 2017 temporis
955 1932 1073 1998 fluctus
1087 1938 1171 1998 retro
1183 1934 1365 2015 volvantur,

294 2067 336 2108 an
361 2044 516 2109 invictam
540 2045 642 2109 animi
664 2045 898 2128 constantiam,
924 2067 987 2130 qua
1014 2066 1182 2131 nunquam
1205 2045 1308 2110 averti
1330 2067 1365 2110 se

278 2165 410 2240 passus
452 2163 502 2222 est
540 2178 677 2242 ascopo
712 2179 808 2242 quem
842 2158 1002 2244 attingere
1033 2158 1226 2242 enitebatur,
1261 2160 1362 2225 donee

296 2269 561 2354 Peloponnesiaci
585 2269 662 2334 belli
686 2271 792 2335 exitus
816 2292 891 2334 eum
915 2270 1025 2336 docuit
1047 2271 1172 2336 nullam
1196 2293 1287 2356 spem
1308 2293 1362 2336 su·

295 2403 422 2467 peresse
445 2382 581 2447 miserae
604 2381 735 2467 patriae.

341 2496 448 2575 Quum
481 2516 555 2560 vero
588 2494 764 2581 inquireret
795 2497 830 2560 in
865 2517 977 2562 causas
1007 2497 1102 2564 istius
1136 2497 1364 2580 oehloeratiae,

295 2632 358 2694 qua
385 2609 496 2674 aedem
521 2608 676 2674 Soloneae
699 2609 859 2684 πολιτείας
883 2609 930 2674 ita
948 2609 1018 2695 jam
1042 2610 1213 2676 suffossam
1238 2612 1365 2697 conspi-

295 2723 399 2788 ciebat
432 2729 470 2788 ut
504 2723 622 2788 mirum
658 2722 820 2788 videretur
851 2744 922 2789 eam
952 2725 1098 2789 nondum
1132 2746 1262 2810 prorsus
1296 2747 1365 2790 cor·

295 2837 399 2902 ruisse
417 2846 449 2921 ⁶,
487 2837 613 2902 nullam
650 2836 837 2903 inveniebat
868 2844 926 2904 aut
955 2839 1137 2924 propiorem
1172 2844 1230 2904 aut
1260 2839 1364 2924 magis

295 2949 523 3016 exsecrabilem
549 2971 644 3034 quam
670 2949 883 3034 eloquentiae
896 2950 1048 3042 abusum..
1092 2951 1180 3016 Hinc
1203 2951 1314 3017 odium
1334 2951 1363 3017 ei

296 3068 409 3128 natum
437 3060 642 3146 implacabile
665 3061 699 3125 in
718 3061 872 3127 subtilem
888 3063 1078 3148 disputandi
1090 3069 1192 3128 artem
1204 3085 1285 3149 quae
1297 3064 1365 3149 ejus
1462 3093 1464 3098 ·

297 3174 496 3260 temporibus
529 3193 569 3239 ex
592 3173 711 3240 scholis
736 3175 954 3259 sophistarum
977 3177 1011 3240 in
1038 3177 1138 3242 vitam
1162 3199 1366 3243 communem

297 3285 503 3372 irrumpebat.
530 3287 643 3372 Neque
667 3287 701 3350 in
724 3285 963 3362 rebusdivinis
988 3289 1082 3355 aliter
1105 3312 1142 3356 ac
1165 3290 1365 3356 inhumanis

331 3570 338 3600 ¹
355 3570 439 3631 Quum
456 3570 589 3633 Euripides
605 3572 686 3635 magis
702 3572 798 3621 faveret
814 3573 986 3633 democretius,
1002 3574 1033 3623 cf.
1052 3575 1115 3624 Ran.
1134 3591 1170 3626 vs.
1187 3578 1237 3626 952
1252 3591 1286 3640 sq.

329 3659 340 3691 ²
358 3660 399 3710 Sic
424 3661 532 3718 Demus,
553 3667 681 3724 postquam
704 3662 729 3710 in
746 3662 865 3726 Equitum
881 3663 929 3712 fine
946 3665 1102 3727 recuperavit
1118 3666 1230 3728 vigorem
1248 3674 1272 3717 et
1289 3667 1367 3716 virtu·

296 3758 357 3808 tem,
375 3756 477 3812 apparet
494 3748 593 3813 οἶόςπερ
609 3749 744 3816 Ἀριστείδῃ
756 3751 877 3818 πρότερον
894 3755 936 3803 καὶ
947 3754 1071 3819 Μιλτιάδῃ
1081 3756 1207 3811 ξυνεσίτει.
1220 3757 1267 3818 (vs.
1279 3759 1363 3818 1326).

330 3839 340 3870 ³
357 3841 434 3902 Vesp.
451 3853 487 3887 vs.
503 3839 553 3888 650
569 3853 605 3904 sq.
622 3854 681 3890 vere
697 3841 733 3890 sic
750 3842 932 3906 Aristophanes
949 3843 980 3893 de
997 3845 1048 3893 suis
1064 3845 1152 3894 studiis
1168 3845 1286 3910 loquitur:

390 3930 508 3998 χαλεπὸν
524 3932 570 3993 μὲν
586 3932 627 3979 καὶ
645 3931 726 3992 δεινῆς
743 3934 844 3998 γνώμης
862 3935 902 3981 καὶ
919 3934 1034 3997 μείζονος
1050 3937 1066 3995 ὴ
1084 3935 1120 3984 'wi
1138 3938 1281 4002 τρνγῳδοῖς,

394 4017 512 4067 ἰάσασθαι
529 4018 606 4068 νόσον
623 4019 733 4084 ἀρχαίαν
749 4022 776 4070 ἐν
794 4024 827 4086 τῇ
845 4023 916 4073 πόλει
933 4026 1099 4074 ἐντετοκυῖαν.

330 4106 339 4135 ⁴
356 4105 396 4156 or.
413 4107 550 4157 samsari.
567 4123 624 4172 pag.
642 4109 698 4160 oso.
1177 4087 1180 4094 ’

329 4195 450 4243 ⁵Partim
474 4195 559 4258 jocans
584 4197 676 4260 partim
701 4199 764 4248 seria
789 4215 865 4264 egens
889 4201 1001 4250 Nubinm
1026 4216 1063 4250 vs.
1080 4202 1128 4253 587
1154 4219 1206 4268 sqq.
1223 4213 1248 4254 et
1264 4206 1361 4256 Eoeles.

297 4286 346 4335 473
369 4299 419 4347 sqq.
443 4293 621 4335 commemorat
645 4287 723 4350 λόγον
748 4288 908 4353 γεραιτέρων,
934 4287 1026 4339 dictum
1048 4292 1214 4356 amajoribns
1230 4301 1365 4357 acceptum,

298 4373 491 4423 Atheniensibus
517 4387 570 4423 esse
596 4372 754 4436 δυσβουλίαν
775 4378 912 4439 quandam,
930 4381 971 4428 sed
989 4381 1048 4428 deos
1064 4380 1129 4428 mala
1146 4381 1203 4430 inde
1221 4382 1324 4432 fluentia
1341 4385 1365 4434 in

245 4473 247 4480 ’
297 4462 385 4512 bonam
402 4471 496 4526 partem
514 4468 609 4511 vertere
627 4462 715 4512 solere.
798 4477 800 4483 ·
