3222 5170
763 403 802 463 79

809 589 929 666 νόσημα
952 587 1013 672 γὰρ

244 703 280 760 ut
305 717 376 761 cunr
412 697 573 782 Aeschylo
597 699 710 785 loquer
733 700 912 780 (Prometh.
938 721 984 765 vs.
1013 701 1075 766 685
1101 703 1166 784 sq.)

411 809 577 897 αἴσχιστον
599 812 678 877 εἶναί
698 826 772 897 φημι
795 811 966 888 συνθέτους
987 813 1124 899 λόγους,

245 928 272 992 11
299 925 463 1012 ejusmodi
484 926 605 992 finibus
629 927 816 993 inserviant
1136 1011 1137 1018 ἵ

290 1039 353 1106 Sed
381 1039 483 1104 etiam
517 1041 574 1105 ubi
604 1062 670 1105 non
692 1041 896 1127 disputatur,
921 1039 979 1105 illa
1001 1039 1098 1104 λαλιὰ
1123 1037 1317 1124 Euripidea,

245 1172 335 1217 amor
371 1151 399 1216 si
420 1171 486 1217 non
509 1151 662 1238 litigandi
684 1159 719 1218 11
741 1158 826 1218 certe
850 1151 1102 1234 sermocinandi,
1120 1153 1322 1236 passimcer-

252 1265 359 1346 nitur,
390 1263 554 1330 interdum
587 1265 682 1332 valde
713 1267 907 1352 importune.
957 1265 1040 1330 Mire
1060 1265 1150 1330 'mihi
1173 1266 1321 1351 quidem,

250 1386 287 1444 ut
309 1376 497 1462 exemplum
514 1377 670 1462 afferam,
697 1399 833 1464 semper·
847 1376 1016 1463 displicuit
1039 1377 1209 1462 longitudo
1226 1379 1323 1444 orati·
1419 1469 1421 1472 .

247 1495 318 1560 onis
334 1514 432 1580 quam
451 1493 486 1557 in
503 1493 691 1558 Phoenissis
706 1493 844 1558 nuncius
861 1493 977 1558 recitat
994 1503 1012 1557 ¹.
1051 1493 1136 1556 Nam
1150 1499 1324 1577 postquam

250 1605 344 1690 epica
363 1608 511 1673 ubertate
532 1606 704 1693 descripsit
724 1606 853 1693 clypeos
877 1612 940 1672 τῶν
963 1609 1037 1672 ἑπτὰ
1061 1614 1094 1671 et
1105 1606 1323 1672 interminatis

175 1743 179 1752 ¹
247 1718 426 1784 verborum
449 1721 641 1808 ambagibus
663 1743 742 1787 usus
765 1727 831 1805 est,
865 1721 921 1785 vix
950 1721 1083 1786 tandem
1113 1725 1263 1786 exoratus
1287 1725 1324 1784 ut

248 1831 349 1895 etiam
377 1833 417 1898 de
444 1833 601 1899 ambobus
625 1835 779 1900 fratribus
803 1833 931 1916 reserat,
948 1834 1063 1898 horum
1074 1831 1196 1898 instare
1210 1854 1323 1897 mono·

248 1943 412 2008 machiam
447 1945 545 2024 dicit3
580 1953 658 2012 tunc
688 1967 761 2011 vero
784 1954 822 2012 ut
845 1951 994 2032 properet
1016 1945 1057 2010 ad
1080 1945 1194 2031 proelii
1217 1945 1324 2011 locum

234 2125 235 2130 .
256 2055 410 2122 decasteri
424 2055 582 2143 imp'ellit,
600 2079 681 2144 quae
696 2066 824 2142 11111011,
841 2065 879 2124 ut
894 2058 1075 2144 exspectari
1091 2062 1219 2143 poterat
1232 2061 1324 2122 tanto

255 2170 411 2255 temporis
435 2170 540 2256 spatio
562 2171 764 2255 intermisso,
790 2193 860 2237 sero
883 2171 982 2252 venit.
1024 2169 1103 2250 Quis
1119 2191 1184 2236 non
1202 2175 1323 2236 stoma-

256 2283 369 2348 chetur
397 2289 465 2349 tam
497 2283 588 2371 tardo
611 2289 644 2348 et
665 2283 792 2369 loquaci
816 2283 955 2366 nuncio,
979 2283 1088 2369 quiid
1111 2305 1214 2349 unum
1239 2284 1324 2370 quod

255 2397 319 2461 cito
342 2397 510 2462 resciscere
535 2396 703 2479 intererat,
728 2397 821 2463 edere
844 2400 1037 2462 cunctetur?
1083 2397 1116 2462 Is
1138 2397 1226 2462 enim
1247 2398 1325 2462 dum

162 2556 164 2560 -
252 2519 339 2575 totus
367 2516 417 2576 est
441 2510 475 2573 in
497 2511 674 2574 enarrando
697 2510 893 2575 emblemata
917 2510 1034 2595 quibus
1058 2511 1203 2576 hostium
1220 2510 1325 2596 clypei

252 2633 330 2688 sunt
360 2623 484 2704 ornati,
504 2622 660 2707 jugulant
683 2645 717 2688 se
741 2624 879 2688 invicem
906 2622 1077 2706 Polynices
1100 2630 1133 2688 et
1158 2625 1325 2706 Eteocles,

253 2761 355 2825 neque
380 2735 458 2801 fatis
479 2736 584 2820 magis
609 2757 707 2821 quam
730 2737 859 2820 garrulo
883 2737 939 2800 isti
964 2738 1114 2820 nugatori
1135 2737 1327 2824 imputanda

255 2860 304 2916 est
328 2873 390 2916 nex
418 2870 529 2915 eorum
551 2855 584 2914 et
606 2869 675 2914 sero
686 2848 889 2914 advenientis
902 2849 1026 2914 matris.
1041 2888 1084 2898 -
1099 2850 1263 2916 Imitando
1274 2852 1326 2916 hic

258 2986 384 3051 quoque
415 2971 511 3049 poeta
530 2962 729 3046 Aeschylum
756 2963 956 3046 aemulatur,
982 2963 1069 3049 apud
1094 2985 1191 3049 quem
1217 2969 1326 3028 tamen

255 3076 372 3141 similis
404 3077 502 3162 longa
526 3075 699 3160 descriptio
724 3097 788 3140 non
809 3075 908 3142 habet
929 3078 1014 3163 quod
1040 3076 1200 3160 offendat,
1225 3098 1326 3172 quum
1401 3155 1402 3158 Ἴ

253 3212 318 3255 non
353 3211 390 3254 eo
422 3190 576 3275 temporis
606 3194 727 3274 puncto
758 3189 939 3275 proferatur
970 3212 1033 3276 quo
1055 3192 1149 3255 unice
1171 3189 1326 3256 festinato

254 3324 335 3388 opus
359 3303 403 3367 sit
418 3302 439 3366 ².
478 3304 584 3370 Multo
609 3325 703 3389 porro
727 3306 836 3390 aptius
854 3305 1055 3390 Aeschyleus
1072 3306 1211 3371 nuncius
1228 3327 1326 3391 quae-

255 3438 381 3501 cunque
403 3417 444 3480 ad
464 3418 609 3482 hostium
625 3417 727 3484 aciem
744 3423 777 3483 et
792 3420 889 3484 duces
901 3419 1068 3504 pertinent
1079 3419 1177 3484 refert
1189 3417 1326 3499 Eteocli,

255 3530 306 3593 cui
330 3528 494 3594 incumbit
514 3529 681 3594 Thebanos
705 3532 896 3616 προμάχους
919 3531 1059 3616 singulis
1075 3531 1211 3596 ducibus
1226 3552 1326 3616 oppo-

255 3665 349 3726 nere,
382 3664 479 3728 quam
512 3643 610 3707 matri
641 3642 681 3707 de
709 3642 820 3708 liberis
845 3643 1005 3710 sollicitae
1028 3643 1171 3730 ἄγγελος
1195 3642 1326 3729 Euripi-

256 3755 344 3822 deus.
393 3756 456 3821 Hic
474 3756 524 3846 11·
551 3777 712 3842 unquam,
737 3778 974 3841 praecessorem
998 3778 1150 3842 superare
1174 3734 1345 3839 conatus,¹

258 3869 430 3954 Euripides
453 3869 574 3934 excidit
597 3870 685 3936 ausis
702 3877 724 3932 ³.

292 4016 297 4040 ¹
332 4012 389 4059 Non
403 4005 483 4060 'aliter
506 4012 598 4062 sentire
624 4010 806 4060 Bernhardium
825 4012 903 4075 liquet
919 4026 951 4060 ex
969 4011 1003 4060 l.l.
1023 4026 1079 4074 pag.
1104 4012 1164 4060 alr:
1195 4013 1258 4059 “den
1281 4011 1327 4059 Er-

256 4093 412 4164 ‘¹z'r'shlungen
436 4101 569 4152 besonders
587 4101 723 4165 redseliger
737 4103 828 4150 Boten.
841 4137 862 4148 ..
884 4102 957 4150 wird.
969 4137 990 4150 ..
1012 4103 1051 4150 ein
1069 4115 1153 4149 ausser
1173 4101 1329 4150 Verh's'rltniss

258 4189 364 4238 “breiter
381 4190 460 4238 Reum
480 4191 671 4254 rugestenden.''

291 4277 300 4307 ‘²
334 4279 425 4327 dasch.
442 4279 509 4342 Sept.
527 4293 548 4328 c.
565 4280 644 4330 Theb.
661 4296 696 4328 vs.
714 4281 786 4332 375-
797 4279 854 4328 652.

290 4365 301 4396 ³
334 4366 456 4416 Mullorus
475 4367 529 4428 (Gr.
548 4369 759 4432 Liberaturgesch.
779 4368 819 4426 ΙΙ,
837 4381 893 4429 pag.
911 4368 965 4429 118)
978 4366 1327 4429 11111111,Ε1111ρ11111111111-

190 4521 192 4525 Ι
259 4455 338 4518 schyli
362 4455 445 4504 fabula
469 4457 631 4519 improbasse,
656 4459 719 4520 quod
744 4457 838 4520 proelio
863 4457 972 4505 nondum
1002 4456 1062 4504 inito
1079 4457 1109 4503 de
1129 4461 1221 4517 septem
1239 4455 1327 4504 ducum
