3222 5170
806 394 846 456 98

287 572 322 636 in
337 596 501 640 caesuram
518 576 736 664 πενθημιμερῆ,
755 575 847 640 addit
859 575 1030 653 “anxufltov
1042 575 1235 642 ἆπώλεσεν.”
1261 576 1362 641 Vide·
1399 577 1402 581 ’

287 707 380 751 amus
406 686 475 769 ejus
497 687 561 752 loci
583 686 713 751 initium
740 689 874 772 (Ranar.
902 708 947 751 vs.
978 689 1062 752 1198
1087 689 1195 774 sqq.):

326 801 427 859 Aesch-
468 806 515 865 καὶ
536 801 597 884 μὴν
617 801 660 883 μὰ
681 803 738 866 τὸν
762 801 811 865 Δί’
834 802 871 865 οὐ
894 801 957 864 κατ’
979 799 1056 875 ίπος
1077 803 1114 886 γε’
1135 828 1193 865 σου
1216 806 1312 867 κνίσω

473 908 508 971 τὸ
529 903 600 991 ῥῆμ’
623 907 768 977 ἕκαστον,
794 904 880 970 ἀλλὰ
904 909 963 970 σὺν
985 915 1084 970 τοῖσιν
1107 904 1193 980 θεοῖς

459 1011 536 1076 ,ἀπὸ
558 1008 709 1086 ληκυθίου
731 1038 790 1075 σου
810 1014 886 1085 τοὺς
907 1008 1095 1096 προλόγους
1118 1008 1283 1098 διαφθερῶ·

327 1114 400 1173 Ew‘·
474 1115 537 1194 ἀπὸ
560 1113 709 1190 ληκυθίου
733 1118 770 1180 σὺ
795 1118 870 1190 τοὺς
892 1117 1001 1197 ἐμοΰς5

890 1221 995 1279 Αθθθθ.
1039 1223 1110 1296 ἑνὸς
1131 1223 1243 1304 μόνον.

473 1334 572 1400 ποιεῖς
594 1327 658 1412 γὰρ
680 1325 781 1400 οὕτως
803 1325 876 1390 ὥστ’
898 1326 1094 1412 ἐναρμόττειν
1116 1325 1217 1400 όπαν,

473 1435 521 1494 καὶ
543 1427 697 1516 κῳδάριον
720 1435 769 1496 καὶ
792 1429 941 1506 ληκύθιον
964 1435 1013 1495 καὶ
1037 1429 1202 1502 θυλάκιον,

473 1537 506 1600 ἐν
524 1544 592 1610 τοῖς
614 1531 794 1619 ἰαμβείοισι·
818 1531 907 1608 δείξω
930 1533 956 1601 δ’
980 1537 1097 1600 αὐτίκα·

395 1686 401 1699 .
474 1636 558 1712 ἰδού,
582 1643 621 1704 σὺ
649 1637 777 1715 &iiiam

690 1745 795 1804 Aeaea.
829 1750 915 1830 φημί.

670 1851 673 1856 ’
790 1850 910 1926 Diony&
944 1855 991 1914 aot
1014 1847 1052 1924 δὴ
1075 1852 1138 1936 χρὴ
1160 1849 1274 1938 λέγειν.

356 1982 358 1989 ’
395 2000 400 2012 .
475 1952 654 2038 Αἴγυπτος,
678 1955 722 2028 ὡς
745 1959 762 2018 ὁ
783 1953 934 2030 πλεῖστος
956 1954 1105 2040 ἔσπαρται
1129 1954 1253 2042 λόγος,

476 2057 533 2132 Ξὺν
554 2064 641 2124 παισὶ
663 2064 856 2136 πεντήκοντα
878 2060 1015 2145 ναυτίλῳ
1037 2059 1145 2147 πλάτῃ

470 2165 595 2251 ’Ἄργος
617 2167 785 2251 κατασχὼν

342 2348 345 2354 ¹
608 2290 611 2295 ’
709 2271 814 2330 Amic
846 2271 999 2347 ληκίιθιον
1022 2271 1197 2336 ἀπώλεσεν·

335 2392 388 2458 sic
410 2389 552 2476 plurium
575 2391 782 2478 prologorum
805 2391 900 2456 initia
917 2390 1085 2457 intercinit
1096 2391 1180 2456 illud
1191 2392 1366 2458 molestum

290 2505 448 2583 ληκύθιον,
472 2502 573 2582 donec
596 2503 671 2569 finis
695 2505 864 2572 certamini
878 2506 1064 2590 imponatur
1077 2526 1178 2590 quum
1189 2505 1366 2571 verendum

290 2610 333 2676 sit
360 2635 400 2676 ne
423 2634 500 2679 mox
522 2614 592 2699 ipse
615 2637 742 2702 quoque
764 2617 894 2702 Jupiter
916 2609 1047 2682 amittat
1078 2639 1173 2682 suum
1195 2618 1365 2684 vasculum

290 2725 543 2810 unguentarium
566 2749 612 2792 vs.
642 2732 726 2792 1244
750 2751 818 2814 sqq.

335 2837 438 2918 Quam
463 2840 670 2908 vehementer
693 2842 753 2906 hoc
776 2841 1004 2926 Aristophanis
1024 2842 1097 2927 joco
1122 2843 1274 2910 delectati
1298 2844 1381 2930 sint.

290 2959 503 3037 spectatores,
529 2952 612 3018 illud
635 2955 822 3018 testimonio
845 2961 913 3036 est,
932 2955 1021 3040 quod
1031 2955 1193 3039 posterior
1211 2977 1285 3041 pars
1306 2957 1366 3021 tri-

290 3066 386 3131 metri
405 3066 554 3150 iambici,
577 3087 743 3132 caesuram
762 3065 968 3152 πενθημιμερῆ
985 3067 1146 3151 habentis,
1159 3067 1235 3133 inde
1247 3089 1366 3134 nomen

290 3177 454 3253 ληκυθείου
477 3179 610 3264 accepit.
637 3178 712 3243 Nou
736 3185 821 3244 recte
844 3186 954 3244 tamen
976 3185 1107 3266 putares
1123 3180 1145 3263 ¹,
1170 3180 1292 3248 comico
1304 3181 1366 3245 im-

290 3289 463 3376 probatam
484 3291 586 3358 fuisso
610 3292 714 3376 ipsam
738 3292 829 3357 illam
853 3315 1019 3359 caesuram
1046 3301 1121 3380 post
1142 3293 1282 3380 primam
1298 3295 1365 3380 syl-

290 3404 396 3469 labam
423 3406 582 3471 secundae
606 3404 766 3491 dipodiae,
787 3427 869 3492 quae
881 3428 982 3492 quum
993 3430 1051 3493 per
1062 3430 1096 3474 ss
1108 3409 1364 3491 commendatur,

290 3525 361 3582 tum
385 3520 564 3586 innumeris
588 3521 746 3607 exemplis
770 3521 939 3607 ascriptis
963 3521 1365 3608 AeschyliSophoolisque

289 3632 433 3716 ipsiusve
466 3623 696 3720 Aristophanis
731 3634 860 3700 defendi
892 3641 1003 3721 posset
1036 3637 1064 3701 si
1088 3656 1168 3722 opus
1192 3634 1363 3701 videretur.

291 3745 393 3810 Plane
429 3746 494 3812 alia
526 3753 605 3812 sunt
645 3747 727 3812 vitia
759 3746 966 3833 prologorum
1001 3747 1251 3833 Euripideomm
1285 3768 1367 3833 quae

289 3857 350 3924 hoo
384 3865 582 3944 scommate,
619 3859 815 3925 subobscuro
850 3859 1005 3945 fortasse,
1035 3866 1129 3926 notat
1150 3860 1309 3942 commun,
1334 3865 1368 3924 et

290 3975 383 4037 tanto
405 3971 537 4056 quidem
555 3971 629 4056 jure
653 3977 763 4054 notat,
788 3978 842 4055 nt,
867 3994 967 4058 quum
991 3979 1133 4040 caeterae
1145 3973 1366 4041 accusationes

290 4105 355 4149 non
378 4084 544 4169 pauciores
574 4084 773 4149 adversarios
797 4106 895 4170 quam
917 4084 1058 4152 fautores
1082 4085 1266 4150 invenerint
1310 4084 1367 4150 vix

290 4197 462 4288 quisquam
485 4205 553 4263 tam
576 4219 647 4262 acer
670 4196 816 4262 extiterit
839 4196 1004 4283 Euripidis
1028 4197 1203 4262 admirator
1227 4199 1283 4283 qui
1305 4198 1366 4262 hac

323 4448 330 4480 ¹
350 4448 419 4508 Quae
435 4454 473 4496 est
488 4446 648 4496 Valckenarii
665 4447 799 4510 sententia,
816 4448 866 4498 vid.
884 4446 937 4510 ejus
954 4455 1037 4497 annot.
1055 4449 1086 4498 ad
1103 4448 1164 4498 Eur.
1178 4445 1280 4512 Hippot.
1296 4463 1331 4500 rs.
1340 4451 1365 4500 2.
