<?xml version="1.0" encoding="UTF-8"?>
<!DOCTYPE html PUBLIC "-//W3C//DTD XHTML 1.0 Transitional//EN"
    "http://www.w3.org/TR/xhtml1/DTD/xhtml1-transitional.dtd">
<html xmlns="http://www.w3.org/1999/xhtml" xml:lang="en" lang="en">
 <head>
  <title>
</title>
<meta http-equiv="Content-Type" content="text/html;charset=utf-8" />
  <meta name='ocr-system' content='tesseract 3.04.00' />
  <meta name='ocr-capabilities' content='ocr_page ocr_carea ocr_par ocr_line ocrx_word'/>
</head>
<body>
  <div class='ocr_page' id='page_1' title='image "./specimenliterar01leeugoog_0149.png"; bbox 0 0 3222 5170; ppageno 0'>
   <div class='ocr_carea' id='block_1_1' title="bbox 769 421 834 500">
    <p class='ocr_par' dir='ltr' id='par_1_1' title="bbox 769 421 834 500">
     <span class='ocr_line' id='line_1_1' title="bbox 769 421 834 500; baseline 0 -19"><span class='ocrx_word' id='word_1_1' title='bbox 769 421 834 500; x_wconf 82' lang='lat' dir='ltr'><strong>rac¹</strong></span> 
     </span>
    </p>
   </div>
   <div class='ocr_carea' id='block_1_2' title="bbox 292 607 1136 789">
    <p class='ocr_par' dir='ltr' id='par_1_2' title="bbox 292 607 1136 789">
     <span class='ocr_line' id='line_1_2' title="bbox 292 607 1119 682; baseline -0.027 -8"><span class='ocrx_word' id='word_1_2' title='bbox 292 610 418 673; x_wconf 68' lang='lat' dir='ltr'><strong>Avium</strong></span> <span class='ocrx_word' id='word_1_3' title='bbox 439 625 481 666; x_wconf 89' lang='lat' dir='ltr'><strong>vs.</strong></span> <span class='ocrx_word' id='word_1_4' title='bbox 506 607 583 664; x_wconf 78' lang='lat'>1244</span> <span class='ocrx_word' id='word_1_5' title='bbox 604 621 661 682; x_wconf 89' lang='lat' dir='ltr'><strong>sq.:</strong></span> <span class='ocrx_word' id='word_1_6' title='bbox 1117 647 1119 652; x_wconf 81' lang='grc'>,</span> 
     </span>
     <span class='ocr_line' id='line_1_3' title="bbox 525 696 1136 789; baseline -0.013 -22"><span class='ocrx_word' id='word_1_7' title='bbox 525 701 588 789; x_wconf 73' lang='grc' dir='ltr'>φέρ’</span> <span class='ocrx_word' id='word_1_8' title='bbox 612 699 685 772; x_wconf 77' lang='grc' dir='ltr'>ἴδω,</span> <span class='ocrx_word' id='word_1_9' title='bbox 709 703 826 787; x_wconf 86' lang='grc' dir='ltr'>πότερα</span> <span class='ocrx_word' id='word_1_10' title='bbox 850 696 956 765; x_wconf 71' lang='grc' dir='ltr'>Λυδὸν</span> <span class='ocrx_word' id='word_1_11' title='bbox 982 699 1000 774; x_wconf 84' lang='grc' dir='ltr'>ἢ</span> <span class='ocrx_word' id='word_1_12' title='bbox 1024 703 1136 787; x_wconf 83' lang='grc' dir='ltr'>Φρύγα</span> 
     </span>
    </p>
   </div>
   <div class='ocr_carea' id='block_1_3' title="bbox 261 793 1259 1260">
    <p class='ocr_par' dir='ltr' id='par_1_3' title="bbox 261 793 1259 1260">
     <span class='ocr_line' id='line_1_4' title="bbox 373 793 1103 890; baseline 0.001 -28"><span class='ocrx_word' id='word_1_13' title='bbox 373 873 381 890; x_wconf 30' lang='lat'>⁸</span> <span class='ocrx_word' id='word_1_14' title='bbox 425 802 511 862; x_wconf 81' lang='grc' dir='ltr'>τουτὶ</span> <span class='ocrx_word' id='word_1_15' title='bbox 532 796 672 882; x_wconf 75' lang='grc' dir='ltr'>λέγουσα</span> <span class='ocrx_word' id='word_1_16' title='bbox 696 793 967 878; x_wconf 77' lang='grc' dir='ltr'>μορμολύττεσθαι</span> <span class='ocrx_word' id='word_1_17' title='bbox 989 793 1103 870; x_wconf 54' lang='lat' dir='ltr'><strong>doctri&amp;</strong></span> 
     </span>
     <span class='ocr_line' id='line_1_5' title="bbox 304 888 1259 968; baseline -0.004 -15"><span class='ocrx_word' id='word_1_18' title='bbox 304 891 520 953; x_wconf 80' lang='lat' dir='ltr'><strong>Conferendum</strong></span> <span class='ocrx_word' id='word_1_19' title='bbox 543 889 677 952; x_wconf 76' lang='lat' dir='ltr'>Pheretis</span> <span class='ocrx_word' id='word_1_20' title='bbox 698 889 813 950; x_wconf 82' lang='lat' dir='ltr'><strong>dicium</strong></span> <span class='ocrx_word' id='word_1_21' title='bbox 832 889 865 948; x_wconf 92' lang='lat' dir='ltr'><strong>in</strong></span> <span class='ocrx_word' id='word_1_22' title='bbox 885 888 1036 950; x_wconf 79' lang='lat' dir='ltr'><strong>Alcestide</strong></span> <span class='ocrx_word' id='word_1_23' title='bbox 1057 909 1098 949; x_wconf 84' lang='lat' dir='ltr'><strong>vs.</strong></span> <span class='ocrx_word' id='word_1_24' title='bbox 1122 893 1178 951; x_wconf 82' lang='grc'><strong>675</strong></span> <span class='ocrx_word' id='word_1_25' title='bbox 1201 907 1259 968; x_wconf 84' lang='lat' dir='ltr'><strong>sq.:</strong></span> 
     </span>
     <span class='ocr_line' id='line_1_6' title="bbox 341 981 1211 1074; baseline -0.002 -22"><span class='ocrx_word' id='word_1_26' title='bbox 341 1031 346 1035; x_wconf 95' lang='lat'>-</span> <span class='ocrx_word' id='word_1_27' title='bbox 424 987 541 1058; x_wconf 81' lang='grc' dir='ltr'>ὧπαῖ,</span> <span class='ocrx_word' id='word_1_28' title='bbox 564 987 622 1051; x_wconf 87' lang='grc' dir='ltr'>τίν’</span> <span class='ocrx_word' id='word_1_29' title='bbox 645 987 769 1074; x_wconf 63' lang='lat' dir='ltr'><strong>cdxcii-3</strong></span> <span class='ocrx_word' id='word_1_30' title='bbox 788 987 904 1072; x_wconf 88' lang='grc' dir='ltr'>πότερα</span> <span class='ocrx_word' id='word_1_31' title='bbox 927 981 1071 1059; x_wconf 77' lang='grc' dir='ltr'>Αυᾶὸνῆ</span> <span class='ocrx_word' id='word_1_32' title='bbox 1100 989 1211 1073; x_wconf 81' lang='grc' dir='ltr'>Φρύγα</span> 
     </span>
     <span class='ocr_line' id='line_1_7' title="bbox 425 1079 1071 1170; baseline 0.003 -22"><span class='ocrx_word' id='word_1_33' title='bbox 425 1092 531 1159; x_wconf 83' lang='grc' dir='ltr'>κακοῖς</span> <span class='ocrx_word' id='word_1_34' title='bbox 555 1081 695 1147; x_wconf 76' lang='grc' dir='ltr'>ἐλαύνειν</span> <span class='ocrx_word' id='word_1_35' title='bbox 718 1080 945 1170; x_wconf 83' lang='grc' dir='ltr'>ἄργυρώνητον</span> <span class='ocrx_word' id='word_1_36' title='bbox 968 1079 1071 1150; x_wconf 71' lang='grc' dir='ltr'>σίθενὶ</span> 
     </span>
     <span class='ocr_line' id='line_1_8' title="bbox 261 1172 1093 1260; baseline -0.007 -22"><span class='ocrx_word' id='word_1_37' title='bbox 261 1182 385 1260; x_wconf 78' lang='lat' dir='ltr'><strong>putasne</strong></span> <span class='ocrx_word' id='word_1_38' title='bbox 407 1175 431 1236; x_wconf 80' lang='grc' dir='ltr'><strong>ίυ</strong></span> <span class='ocrx_word' id='word_1_39' title='bbox 451 1177 484 1235; x_wconf 73' lang='grc' dir='ltr'><strong>ευ</strong></span> <span class='ocrx_word' id='word_1_40' title='bbox 504 1175 681 1236; x_wconf 75' lang='lat' dir='ltr'><strong>uilissimum</strong></span> <span class='ocrx_word' id='word_1_41' title='bbox 703 1192 818 1234; x_wconf 66' lang='lat' dir='ltr'><strong>aarum</strong></span> <span class='ocrx_word' id='word_1_42' title='bbox 837 1174 947 1253; x_wconf 84' lang='lat' dir='ltr'><strong>probru</strong></span> <span class='ocrx_word' id='word_1_43' title='bbox 960 1172 1093 1250; x_wconf 69' lang='lat' dir='ltr'><strong>jochim?</strong></span> 
     </span>
    </p>
   </div>
   <div class='ocr_carea' id='block_1_4' title="bbox 264 1330 1357 3123">
    <p class='ocr_par' dir='ltr' id='par_1_4' title="bbox 264 1330 1357 3123">
     <span class='ocr_line' id='line_1_9' title="bbox 306 1330 569 1395; baseline -0.042 0"><span class='ocrx_word' id='word_1_44' title='bbox 306 1330 388 1395; x_wconf 80' lang='lat' dir='ltr'><strong>lbld.</strong></span> <span class='ocrx_word' id='word_1_45' title='bbox 411 1348 453 1390; x_wconf 75' lang='lat' dir='ltr'><strong>vc.</strong></span> <span class='ocrx_word' id='word_1_46' title='bbox 478 1331 569 1390; x_wconf 79' lang='lat'>1720:</span> 
     </span>
     <span class='ocr_line' id='line_1_10' title="bbox 427 1420 980 1512; baseline -0.009 -22"><span class='ocrx_word' id='word_1_47' title='bbox 427 1425 544 1512; x_wconf 88' lang='grc' dir='ltr'>ἄναγε,</span> <span class='ocrx_word' id='word_1_48' title='bbox 557 1420 666 1512; x_wconf 74' lang='grc' dir='ltr'><strong>Ιδίεχε,</strong></span> <span class='ocrx_word' id='word_1_49' title='bbox 690 1425 829 1511; x_wconf 78' lang='grc' dir='ltr'>πάραγε,</span> <span class='ocrx_word' id='word_1_50' title='bbox 853 1425 980 1511; x_wconf 84' lang='grc' dir='ltr'>πᾶρεχε.</span> 
     </span>
     <span class='ocr_line' id='line_1_11' title="bbox 305 1516 1353 1580; baseline -0.005 0"><span class='ocrx_word' id='word_1_51' title='bbox 305 1517 388 1580; x_wconf 83' lang='grc' dir='ltr'>Ηαευ</span> <span class='ocrx_word' id='word_1_52' title='bbox 408 1519 497 1579; x_wconf 83' lang='lat' dir='ltr'><strong>verba</strong></span> <span class='ocrx_word' id='word_1_53' title='bbox 517 1516 679 1579; x_wconf 88' lang='lat' dir='ltr'><strong>secuudum</strong></span> <span class='ocrx_word' id='word_1_54' title='bbox 698 1516 832 1579; x_wconf 78' lang='lat' dir='ltr'>scholion</span> <span class='ocrx_word' id='word_1_55' title='bbox 846 1516 937 1577; x_wconf 77' lang='lat' dir='ltr'><strong>ducta</strong></span> <span class='ocrx_word' id='word_1_56' title='bbox 948 1522 1017 1578; x_wconf 88' lang='lat' dir='ltr'><strong>sunt</strong></span> <span class='ocrx_word' id='word_1_57' title='bbox 1029 1534 1161 1578; x_wconf 75' lang='lat' dir='ltr'><strong>excelsu</strong></span> <span class='ocrx_word' id='word_1_58' title='bbox 1172 1516 1353 1577; x_wconf 69' lang='lat' dir='ltr'><strong>Cassandrae</strong></span> 
     </span>
     <span class='ocr_line' id='line_1_12' title="bbox 264 1611 665 1678; baseline -0.01 -1"><span class='ocrx_word' id='word_1_59' title='bbox 264 1615 390 1678; x_wconf 79' lang='lat' dir='ltr'><strong>furentis</strong></span> <span class='ocrx_word' id='word_1_60' title='bbox 410 1615 444 1676; x_wconf 94' lang='lat' dir='ltr'><strong>in</strong></span> <span class='ocrx_word' id='word_1_61' title='bbox 466 1611 571 1674; x_wconf 75' lang='lat' dir='ltr'><strong>lhoasi</strong></span> <span class='ocrx_word' id='word_1_62' title='bbox 593 1615 665 1674; x_wconf 84' lang='lat'><strong>308:</strong></span> 
     </span>
     <span class='ocr_line' id='line_1_13' title="bbox 428 1708 953 1798; baseline -0.004 -22"><span class='ocrx_word' id='word_1_63' title='bbox 428 1710 541 1798; x_wconf 82' lang='grc' dir='ltr'>ἄνεχε,</span> <span class='ocrx_word' id='word_1_64' title='bbox 567 1711 700 1798; x_wconf 81' lang='grc' dir='ltr'>πάρεχε,</span> <span class='ocrx_word' id='word_1_65' title='bbox 730 1708 734 1788; x_wconf 74' lang='grc' dir='ltr'>ί</span> <span class='ocrx_word' id='word_1_66' title='bbox 764 1714 832 1795; x_wconf 81' lang='grc' dir='ltr'><strong>φῶς</strong></span> <span class='ocrx_word' id='word_1_67' title='bbox 854 1712 953 1795; x_wconf 75' lang='grc' dir='ltr'>φέρω,</span> 
     </span>
     <span class='ocr_line' id='line_1_14' title="bbox 267 1803 986 1884; baseline -0.007 -16"><span class='ocrx_word' id='word_1_68' title='bbox 267 1825 322 1868; x_wconf 87' lang='lat' dir='ltr'><strong>nec</strong></span> <span class='ocrx_word' id='word_1_69' title='bbox 343 1823 403 1866; x_wconf 88' lang='lat' dir='ltr'><strong>non</strong></span> <span class='ocrx_word' id='word_1_70' title='bbox 424 1803 618 1866; x_wconf 81' lang='lat' dir='ltr'><strong>conferendus</strong></span> <span class='ocrx_word' id='word_1_71' title='bbox 638 1809 684 1864; x_wconf 82' lang='lat' dir='ltr'><strong>est</strong></span> <span class='ocrx_word' id='word_1_72' title='bbox 705 1804 824 1884; x_wconf 78' lang='lat' dir='ltr'><strong>Cyclop.</strong></span> <span class='ocrx_word' id='word_1_73' title='bbox 845 1822 889 1866; x_wconf 80' lang='grc' dir='ltr'><strong>τι.</strong></span> <span class='ocrx_word' id='word_1_74' title='bbox 913 1803 986 1864; x_wconf 80' lang='lat'>203:</span> 
     </span>
     <span class='ocr_line' id='line_1_15' title="bbox 430 1896 854 1990; baseline -0.005 -24"><span class='ocrx_word' id='word_1_75' title='bbox 430 1902 539 1990; x_wconf 82' lang='grc' dir='ltr'>ἄνεχε,</span> <span class='ocrx_word' id='word_1_76' title='bbox 564 1902 698 1989; x_wconf 86' lang='grc' dir='ltr'>πᾶρεχε,</span> <span class='ocrx_word' id='word_1_77' title='bbox 721 1903 751 1966; x_wconf 90' lang='grc' dir='ltr'><strong>τί</strong></span> <span class='ocrx_word' id='word_1_78' title='bbox 769 1896 854 1970; x_wconf 59' lang='lat' dir='ltr'><strong>adda</strong></span> 
     </span>
     <span class='ocr_line' id='line_1_16' title="bbox 305 1992 1355 2073; baseline -0.001 -18"><span class='ocrx_word' id='word_1_79' title='bbox 305 1995 440 2056; x_wconf 86' lang='lat' dir='ltr'><strong>Kockius</strong></span> <span class='ocrx_word' id='word_1_80' title='bbox 473 2013 508 2056; x_wconf 83' lang='lat' dir='ltr'><strong>ex</strong></span> <span class='ocrx_word' id='word_1_81' title='bbox 540 1993 655 2073; x_wconf 77' lang='lat' dir='ltr'>tripode</span> <span class='ocrx_word' id='word_1_82' title='bbox 676 1999 765 2072; x_wconf 84' lang='lat' dir='ltr'><strong>negat</strong></span> <span class='ocrx_word' id='word_1_83' title='bbox 787 1993 836 2054; x_wconf 92' lang='lat' dir='ltr'><strong>hic</strong></span> <span class='ocrx_word' id='word_1_84' title='bbox 858 1993 894 2054; x_wconf 89' lang='lat' dir='ltr'><strong>de</strong></span> <span class='ocrx_word' id='word_1_85' title='bbox 915 1993 1084 2054; x_wconf 76' lang='lat' dir='ltr'><strong>imitatione</strong></span> <span class='ocrx_word' id='word_1_86' title='bbox 1106 2010 1243 2053; x_wconf 84' lang='lat' dir='ltr'><strong>versuum</strong></span> <span class='ocrx_word' id='word_1_87' title='bbox 1269 1992 1355 2054; x_wconf 82' lang='lat' dir='ltr'><strong>Euri·</strong></span> 
     </span>
     <span class='ocr_line' id='line_1_17' title="bbox 267 2087 1354 2171; baseline -0.004 -20"><span class='ocrx_word' id='word_1_88' title='bbox 267 2091 422 2171; x_wconf 87' lang='lat' dir='ltr'><strong>pideorum</strong></span> <span class='ocrx_word' id='word_1_89' title='bbox 442 2090 567 2168; x_wconf 82' lang='lat' dir='ltr'><strong>cogitari</strong></span> <span class='ocrx_word' id='word_1_90' title='bbox 587 2108 681 2170; x_wconf 91' lang='lat' dir='ltr'><strong>posse.</strong></span> <span class='ocrx_word' id='word_1_91' title='bbox 705 2089 762 2149; x_wconf 86' lang='lat' dir='ltr'><strong>Sed</strong></span> <span class='ocrx_word' id='word_1_92' title='bbox 783 2089 911 2166; x_wconf 87' lang='lat' dir='ltr'><strong>quidni?</strong></span> <span class='ocrx_word' id='word_1_93' title='bbox 938 2087 1138 2167; x_wconf 73' lang='lat' dir='ltr'><strong>Chronologia</strong></span> <span class='ocrx_word' id='word_1_94' title='bbox 1157 2106 1218 2147; x_wconf 92' lang='lat' dir='ltr'><strong>non</strong></span> <span class='ocrx_word' id='word_1_95' title='bbox 1239 2088 1354 2160; x_wconf 74' lang='lat' dir='ltr'><strong>obstat,</strong></span> 
     </span>
     <span class='ocr_line' id='line_1_18' title="bbox 269 2182 1357 2265; baseline -0.003 -20"><span class='ocrx_word' id='word_1_96' title='bbox 269 2204 337 2246; x_wconf 90' lang='lat' dir='ltr'><strong>cum</strong></span> <span class='ocrx_word' id='word_1_97' title='bbox 359 2184 488 2245; x_wconf 78' lang='lat' dir='ltr'>Troades</span> <span class='ocrx_word' id='word_1_98' title='bbox 509 2202 587 2244; x_wconf 90' lang='lat' dir='ltr'><strong>anno</strong></span> <span class='ocrx_word' id='word_1_99' title='bbox 609 2189 677 2244; x_wconf 80' lang='lat' dir='ltr'><strong>ante</strong></span> <span class='ocrx_word' id='word_1_100' title='bbox 699 2185 778 2244; x_wconf 86' lang='lat' dir='ltr'><strong>Aves</strong></span> <span class='ocrx_word' id='word_1_101' title='bbox 799 2184 832 2243; x_wconf 93' lang='lat' dir='ltr'><strong>in</strong></span> <span class='ocrx_word' id='word_1_102' title='bbox 847 2202 935 2244; x_wconf 87' lang='lat' dir='ltr'><strong>scena</strong></span> <span class='ocrx_word' id='word_1_103' title='bbox 951 2183 1151 2265; x_wconf 82' lang='lat' dir='ltr'><strong>apparuerint.</strong></span> <span class='ocrx_word' id='word_1_104' title='bbox 1172 2182 1258 2257; x_wconf 78' lang='lat' dir='ltr'><strong>Quod</strong></span> <span class='ocrx_word' id='word_1_105' title='bbox 1269 2201 1357 2262; x_wconf 90' lang='lat' dir='ltr'><strong>porro</strong></span> 
     </span>
     <span class='ocr_line' id='line_1_19' title="bbox 267 2277 1356 2368; baseline -0.002 -28"><span class='ocrx_word' id='word_1_106' title='bbox 267 2280 392 2341; x_wconf 86' lang='lat' dir='ltr'><strong>verbum</strong></span> <span class='ocrx_word' id='word_1_107' title='bbox 422 2281 540 2368; x_wconf 78' lang='grc' dir='ltr'>πάρεχε</span> <span class='ocrx_word' id='word_1_108' title='bbox 571 2278 621 2338; x_wconf 82' lang='lat' dir='ltr'><strong>vix</strong></span> <span class='ocrx_word' id='word_1_109' title='bbox 650 2278 790 2357; x_wconf 87' lang='lat' dir='ltr'><strong>explicari</strong></span> <span class='ocrx_word' id='word_1_110' title='bbox 821 2284 933 2357; x_wconf 77' lang='lat' dir='ltr'><strong>potest,</strong></span> <span class='ocrx_word' id='word_1_111' title='bbox 967 2278 1042 2338; x_wconf 90' lang='lat' dir='ltr'><strong>mihi</strong></span> <span class='ocrx_word' id='word_1_112' title='bbox 1063 2277 1216 2338; x_wconf 77' lang='lat' dir='ltr'>ostendere</span> <span class='ocrx_word' id='word_1_113' title='bbox 1238 2277 1356 2339; x_wconf 83' lang='lat' dir='ltr'><strong>videtur</strong></span> 
     </span>
     <span class='ocr_line' id='line_1_20' title="bbox 268 2373 1356 2452; baseline -0.003 -15"><span class='ocrx_word' id='word_1_114' title='bbox 268 2395 330 2439; x_wconf 90' lang='lat' dir='ltr'><strong>non</strong></span> <span class='ocrx_word' id='word_1_115' title='bbox 358 2375 448 2435; x_wconf 89' lang='lat' dir='ltr'><strong>aliam</strong></span> <span class='ocrx_word' id='word_1_116' title='bbox 479 2374 517 2434; x_wconf 92' lang='lat' dir='ltr'><strong>ob</strong></span> <span class='ocrx_word' id='word_1_117' title='bbox 537 2392 655 2434; x_wconf 84' lang='lat' dir='ltr'><strong>causam</strong></span> <span class='ocrx_word' id='word_1_118' title='bbox 678 2392 740 2434; x_wconf 88' lang='lat' dir='ltr'><strong>esso</strong></span> <span class='ocrx_word' id='word_1_119' title='bbox 761 2373 896 2434; x_wconf 79' lang='lat' dir='ltr'><strong>additum</strong></span> <span class='ocrx_word' id='word_1_120' title='bbox 918 2393 935 2433; x_wconf 91' lang='lat' dir='ltr'><strong>a</strong></span> <span class='ocrx_word' id='word_1_121' title='bbox 955 2373 1081 2448; x_wconf 87' lang='lat' dir='ltr'><strong>comico,</strong></span> <span class='ocrx_word' id='word_1_122' title='bbox 1104 2389 1194 2452; x_wconf 89' lang='lat' dir='ltr'><strong>quam</strong></span> <span class='ocrx_word' id='word_1_123' title='bbox 1215 2378 1250 2433; x_wconf 80' lang='lat' dir='ltr'><strong>ut</strong></span> <span class='ocrx_word' id='word_1_124' title='bbox 1270 2373 1356 2434; x_wconf 90' lang='lat' dir='ltr'><strong>locus</strong></span> 
     </span>
     <span class='ocr_line' id='line_1_21' title="bbox 268 2467 807 2547; baseline -0.004 -15"><span class='ocrx_word' id='word_1_125' title='bbox 268 2471 350 2532; x_wconf 87' lang='lat' dir='ltr'><strong>fieret</strong></span> <span class='ocrx_word' id='word_1_126' title='bbox 372 2467 498 2532; x_wconf 81' lang='lat' dir='ltr'><strong>similior</strong></span> <span class='ocrx_word' id='word_1_127' title='bbox 518 2469 615 2530; x_wconf 83' lang='lat' dir='ltr'><strong>versui</strong></span> <span class='ocrx_word' id='word_1_128' title='bbox 637 2468 807 2547; x_wconf 84' lang='lat' dir='ltr'><strong>Euripideo.</strong></span> 
     </span>
     <span class='ocr_line' id='line_1_22' title="bbox 276 2563 1355 2654; baseline -0.003 -27"><span class='ocrx_word' id='word_1_129' title='bbox 276 2596 278 2600; x_wconf 95' lang='lat'>·</span> <span class='ocrx_word' id='word_1_130' title='bbox 305 2566 394 2645; x_wconf 87' lang='lat' dir='ltr'><strong>Vesp.</strong></span> <span class='ocrx_word' id='word_1_131' title='bbox 415 2584 460 2626; x_wconf 83' lang='lat' dir='ltr'><strong>vs.</strong></span> <span class='ocrx_word' id='word_1_132' title='bbox 472 2568 549 2624; x_wconf 74' lang='lat'><strong>1³26</strong></span> <span class='ocrx_word' id='word_1_133' title='bbox 571 2563 829 2643; x_wconf 77' lang='lat' dir='ltr'><strong>similiterlegiiur</strong></span> <span class='ocrx_word' id='word_1_134' title='bbox 841 2566 947 2654; x_wconf 72' lang='grc' dir='ltr'>ἄνεχε,</span> <span class='ocrx_word' id='word_1_135' title='bbox 960 2567 1091 2652; x_wconf 68' lang='grc' dir='ltr'>πάρεχει</span> <span class='ocrx_word' id='word_1_136' title='bbox 1109 2564 1181 2625; x_wconf 85' lang='lat' dir='ltr'><strong>haec</strong></span> <span class='ocrx_word' id='word_1_137' title='bbox 1193 2571 1272 2626; x_wconf 78' lang='lat' dir='ltr'><strong>certe</strong></span> <span class='ocrx_word' id='word_1_138' title='bbox 1287 2584 1355 2626; x_wconf 91' lang='lat' dir='ltr'><strong>cum</strong></span> 
     </span>
     <span class='ocr_line' id='line_1_23' title="bbox 267 2659 1356 2740; baseline -0.003 -17"><span class='ocrx_word' id='word_1_139' title='bbox 267 2681 354 2723; x_wconf 82' lang='lat' dir='ltr'><strong>versu</strong></span> <span class='ocrx_word' id='word_1_140' title='bbox 374 2679 409 2721; x_wconf 84' lang='lat' dir='ltr'><strong>ex</strong></span> <span class='ocrx_word' id='word_1_141' title='bbox 423 2659 527 2721; x_wconf 72' lang='lat' dir='ltr'><strong>&#39;lhoasi</strong></span> <span class='ocrx_word' id='word_1_142' title='bbox 541 2659 617 2720; x_wconf 91' lang='lat' dir='ltr'><strong>nihil</strong></span> <span class='ocrx_word' id='word_1_143' title='bbox 637 2660 750 2720; x_wconf 73' lang='lat' dir='ltr'><strong>habent</strong></span> <span class='ocrx_word' id='word_1_144' title='bbox 763 2678 938 2729; x_wconf 89' lang='lat' dir='ltr'><strong>commune;</strong></span> <span class='ocrx_word' id='word_1_145' title='bbox 953 2659 1005 2720; x_wconf 91' lang='lat' dir='ltr'><strong>sed</strong></span> <span class='ocrx_word' id='word_1_146' title='bbox 1018 2659 1151 2739; x_wconf 88' lang='lat' dir='ltr'><strong>suspicor</strong></span> <span class='ocrx_word' id='word_1_147' title='bbox 1166 2660 1356 2740; x_wconf 79' lang='lat' dir='ltr'><strong>Euripidem,</strong></span> 
     </span>
     <span class='ocr_line' id='line_1_24' title="bbox 267 2754 1356 2836; baseline 0.001 -20"><span class='ocrx_word' id='word_1_148' title='bbox 267 2756 400 2836; x_wconf 91' lang='lat' dir='ltr'><strong>quibis,</strong></span> <span class='ocrx_word' id='word_1_149' title='bbox 423 2754 566 2816; x_wconf 74' lang='lat' dir='ltr'><strong>ulmodo</strong></span> <span class='ocrx_word' id='word_1_150' title='bbox 587 2754 731 2827; x_wconf 87' lang='lat' dir='ltr'><strong>vidimus,</strong></span> <span class='ocrx_word' id='word_1_151' title='bbox 752 2755 785 2814; x_wconf 91' lang='lat' dir='ltr'><strong>in</strong></span> <span class='ocrx_word' id='word_1_152' title='bbox 811 2755 920 2815; x_wconf 85' lang='lat' dir='ltr'><strong>fabulis</strong></span> <span class='ocrx_word' id='word_1_153' title='bbox 941 2755 1065 2814; x_wconf 77' lang='lat' dir='ltr'><strong>servatis</strong></span> <span class='ocrx_word' id='word_1_154' title='bbox 1080 2754 1167 2815; x_wconf 87' lang='lat' dir='ltr'><strong>illum</strong></span> <span class='ocrx_word' id='word_1_155' title='bbox 1178 2756 1356 2817; x_wconf 85' lang='lat' dir='ltr'><strong>versiculum</strong></span> 
     </span>
     <span class='ocr_line' id='line_1_25' title="bbox 269 2847 1355 2930; baseline -0.003 -17"><span class='ocrx_word' id='word_1_156' title='bbox 269 2851 437 2930; x_wconf 84' lang='lat' dir='ltr'><strong>usurpavit,</strong></span> <span class='ocrx_word' id='word_1_157' title='bbox 468 2849 532 2928; x_wconf 88' lang='lat' dir='ltr'><strong>jam</strong></span> <span class='ocrx_word' id='word_1_158' title='bbox 563 2855 650 2909; x_wconf 84' lang='lat' dir='ltr'><strong>antea</strong></span> <span class='ocrx_word' id='word_1_159' title='bbox 675 2848 753 2916; x_wconf 91' lang='lat' dir='ltr'><strong>idem</strong></span> <span class='ocrx_word' id='word_1_160' title='bbox 774 2849 926 2928; x_wconf 81' lang='lat' dir='ltr'><strong>scripsisse</strong></span> <span class='ocrx_word' id='word_1_161' title='bbox 946 2849 980 2910; x_wconf 90' lang='lat' dir='ltr'><strong>in</strong></span> <span class='ocrx_word' id='word_1_162' title='bbox 1000 2847 1129 2928; x_wconf 87' lang='lat' dir='ltr'><strong>quodam</strong></span> <span class='ocrx_word' id='word_1_163' title='bbox 1150 2849 1284 2913; x_wconf 73' lang='lat' dir='ltr'><strong>dramate</strong></span> <span class='ocrx_word' id='word_1_164' title='bbox 1306 2851 1355 2911; x_wconf 92' lang='lat' dir='ltr'><strong>de-</strong></span> 
     </span>
     <span class='ocr_line' id='line_1_26' title="bbox 269 2945 1357 3027; baseline 0.002 -21"><span class='ocrx_word' id='word_1_165' title='bbox 269 2947 399 3027; x_wconf 75' lang='lat' dir='ltr'><strong>perdito,</strong></span> <span class='ocrx_word' id='word_1_166' title='bbox 431 2952 461 3006; x_wconf 86' lang='lat' dir='ltr'><strong>et</strong></span> <span class='ocrx_word' id='word_1_167' title='bbox 492 2945 562 3008; x_wconf 90' lang='lat' dir='ltr'><strong>inde</strong></span> <span class='ocrx_word' id='word_1_168' title='bbox 586 2945 732 3008; x_wconf 88' lang='lat' dir='ltr'><strong>comicum</strong></span> <span class='ocrx_word' id='word_1_169' title='bbox 764 2963 799 3006; x_wconf 92' lang='lat' dir='ltr'><strong>ea</strong></span> <span class='ocrx_word' id='word_1_170' title='bbox 829 2945 919 3008; x_wconf 86' lang='lat' dir='ltr'><strong>verba</strong></span> <span class='ocrx_word' id='word_1_171' title='bbox 939 2950 1111 3008; x_wconf 72' lang='lat' dir='ltr'><strong>mutuatum</strong></span> <span class='ocrx_word' id='word_1_172' title='bbox 1132 2965 1194 3008; x_wconf 87' lang='lat' dir='ltr'><strong>esse</strong></span> <span class='ocrx_word' id='word_1_173' title='bbox 1215 2947 1279 3008; x_wconf 90' lang='lat' dir='ltr'><strong>loco</strong></span> <span class='ocrx_word' id='word_1_174' title='bbox 1300 2947 1357 3008; x_wconf 87' lang='lat' dir='ltr'><strong>Ve-</strong></span> 
     </span>
     <span class='ocr_line' id='line_1_27' title="bbox 270 3042 512 3123; baseline 0.004 -22"><span class='ocrx_word' id='word_1_175' title='bbox 270 3050 390 3123; x_wconf 75' lang='lat' dir='ltr'><strong>Sparum</strong></span> <span class='ocrx_word' id='word_1_176' title='bbox 412 3042 512 3102; x_wconf 72' lang='lat' dir='ltr'><strong>allato.</strong></span> 
     </span>
    </p>
   </div>
   <div class='ocr_carea' id='block_1_5' title="bbox 309 3174 668 3254">
    <p class='ocr_par' dir='ltr' id='par_1_5' title="bbox 309 3174 668 3254">
     <span class='ocr_line' id='line_1_28' title="bbox 309 3174 668 3254; baseline -0.017 -18"><span class='ocrx_word' id='word_1_177' title='bbox 309 3174 442 3254; x_wconf 55' lang='lat' dir='ltr'><strong>llysistr.</strong></span> <span class='ocrx_word' id='word_1_178' title='bbox 464 3190 506 3232; x_wconf 85' lang='lat' dir='ltr'><strong>vs.</strong></span> <span class='ocrx_word' id='word_1_179' title='bbox 533 3175 588 3232; x_wconf 83' lang='lat'><strong>155</strong></span> <span class='ocrx_word' id='word_1_180' title='bbox 610 3189 668 3250; x_wconf 87' lang='lat' dir='ltr'><strong>sq.:</strong></span> 
     </span>
    </p>
   </div>
   <div class='ocr_carea' id='block_1_6' title="bbox 271 3281 1359 3939">
    <p class='ocr_par' dir='ltr' id='par_1_6' title="bbox 271 3281 1359 3939">
     <span class='ocr_line' id='line_1_29' title="bbox 432 3281 1201 3367; baseline 0.004 -20"><span class='ocrx_word' id='word_1_181' title='bbox 432 3285 449 3347; x_wconf 88' lang='grc' dir='ltr'><strong>ὁ</strong></span> <span class='ocrx_word' id='word_1_182' title='bbox 471 3287 540 3367; x_wconf 82' lang='grc' dir='ltr'><strong>γῶν</strong></span> <span class='ocrx_word' id='word_1_183' title='bbox 565 3281 731 3357; x_wconf 75' lang='grc' dir='ltr'>Μενέλαος</span> <span class='ocrx_word' id='word_1_184' title='bbox 751 3285 809 3358; x_wconf 77' lang='grc' dir='ltr'>τῖες</span> <span class='ocrx_word' id='word_1_185' title='bbox 831 3281 965 3359; x_wconf 77' lang='grc' dir='ltr'>Ἑλένας</span> <span class='ocrx_word' id='word_1_186' title='bbox 988 3284 1026 3348; x_wconf 84' lang='grc' dir='ltr'><strong>τὰ</strong></span> <span class='ocrx_word' id='word_1_187' title='bbox 1049 3283 1135 3367; x_wconf 78' lang='grc' dir='ltr'>μᾶλα</span> <span class='ocrx_word' id='word_1_188' title='bbox 1157 3312 1201 3350; x_wconf 90' lang='grc' dir='ltr'><strong>πα</strong></span> 
     </span>
     <span class='ocr_line' id='line_1_30' title="bbox 431 3373 1194 3467; baseline 0.005 -25"><span class='ocrx_word' id='word_1_189' title='bbox 431 3381 554 3463; x_wconf 79' lang='grc' dir='ltr'>γυμνᾶς</span> <span class='ocrx_word' id='word_1_190' title='bbox 575 3373 756 3465; x_wconf 77' lang='grc' dir='ltr'>παρουιᾶὼν</span> <span class='ocrx_word' id='word_1_191' title='bbox 779 3374 916 3464; x_wconf 71' lang='grc' dir='ltr'>ἐξέβαλ’,</span> <span class='ocrx_word' id='word_1_192' title='bbox 939 3383 1009 3451; x_wconf 82' lang='grc' dir='ltr'>οίῶ,</span> <span class='ocrx_word' id='word_1_193' title='bbox 1030 3383 1067 3445; x_wconf 86' lang='grc' dir='ltr'><strong>τὸ</strong></span> <span class='ocrx_word' id='word_1_194' title='bbox 1093 3378 1194 3467; x_wconf 74' lang='grc' dir='ltr'>Είφος·</span> 
     </span>
     <span class='ocr_line' id='line_1_31' title="bbox 310 3471 1359 3557; baseline 0.006 -25"><span class='ocrx_word' id='word_1_195' title='bbox 310 3473 389 3551; x_wconf 82' lang='lat' dir='ltr'><strong>Apie</strong></span> <span class='ocrx_word' id='word_1_196' title='bbox 420 3471 495 3533; x_wconf 77' lang='lat' dir='ltr'><strong>citat</strong></span> <span class='ocrx_word' id='word_1_197' title='bbox 525 3471 778 3533; x_wconf 68' lang='lat' dir='ltr'><strong>scholiarcham</strong></span> <span class='ocrx_word' id='word_1_198' title='bbox 800 3474 944 3534; x_wconf 86' lang='lat' dir='ltr'><strong>verbaex</strong></span> <span class='ocrx_word' id='word_1_199' title='bbox 976 3475 1182 3536; x_wconf 81' lang='lat' dir='ltr'><strong>Andromache</strong></span> <span class='ocrx_word' id='word_1_200' title='bbox 1205 3476 1359 3557; x_wconf 82' lang='lat' dir='ltr'><strong>Euripidis</strong></span> 
     </span>
     <span class='ocr_line' id='line_1_32' title="bbox 271 3573 473 3647; baseline -0.005 -19"><span class='ocrx_word' id='word_1_201' title='bbox 271 3588 313 3628; x_wconf 88' lang='lat' dir='ltr'><strong>vs.</strong></span> <span class='ocrx_word' id='word_1_202' title='bbox 337 3573 393 3630; x_wconf 78' lang='grc'><strong>629</strong></span> <span class='ocrx_word' id='word_1_203' title='bbox 417 3586 473 3647; x_wconf 90' lang='lat' dir='ltr'><strong>sq.:</strong></span> 
     </span>
     <span class='ocr_line' id='line_1_33' title="bbox 433 3661 1156 3754; baseline 0.007 -26"><span class='ocrx_word' id='word_1_204' title='bbox 433 3662 507 3728; x_wconf 84' lang='grc' dir='ltr'>ἄλλ’</span> <span class='ocrx_word' id='word_1_205' title='bbox 530 3665 574 3739; x_wconf 85' lang='grc' dir='ltr'><strong>ὡς</strong></span> <span class='ocrx_word' id='word_1_206' title='bbox 596 3661 707 3740; x_wconf 78' lang='grc' dir='ltr'>ἐςεῐδες</span> <span class='ocrx_word' id='word_1_207' title='bbox 728 3668 863 3748; x_wconf 88' lang='grc' dir='ltr'>μαστόν,</span> <span class='ocrx_word' id='word_1_208' title='bbox 887 3662 1038 3749; x_wconf 76' lang='grc' dir='ltr'>ἐκβαλὼν</span> <span class='ocrx_word' id='word_1_209' title='bbox 1060 3665 1156 3754; x_wconf 72' lang='grc' dir='ltr'>Ξίφος</span> 
     </span>
     <span class='ocr_line' id='line_1_34' title="bbox 436 3756 670 3845; baseline 0.004 -22"><span class='ocrx_word' id='word_1_210' title='bbox 436 3758 544 3845; x_wconf 83' lang='grc' dir='ltr'>φίλημ’</span> <span class='ocrx_word' id='word_1_211' title='bbox 568 3756 670 3832; x_wconf 65' lang='lat' dir='ltr'><strong>edida·</strong></span> 
     </span>
     <span class='ocr_line' id='line_1_35' title="bbox 271 3853 1359 3939; baseline 0.005 -21"><span class='ocrx_word' id='word_1_212' title='bbox 271 3857 376 3935; x_wconf 88' lang='lat' dir='ltr'><strong>Neque</strong></span> <span class='ocrx_word' id='word_1_213' title='bbox 406 3873 475 3915; x_wconf 88' lang='lat' dir='ltr'><strong>cum</strong></span> <span class='ocrx_word' id='word_1_214' title='bbox 505 3854 552 3917; x_wconf 88' lang='lat' dir='ltr'><strong>W.</strong></span> <span class='ocrx_word' id='word_1_215' title='bbox 578 3853 743 3916; x_wconf 85' lang='lat' dir='ltr'><strong>Ribbeckio</strong></span> <span class='ocrx_word' id='word_1_216' title='bbox 775 3855 835 3930; x_wconf 86' lang='lat' dir='ltr'><strong>(De</strong></span> <span class='ocrx_word' id='word_1_217' title='bbox 867 3875 923 3918; x_wconf 90' lang='lat' dir='ltr'><strong>usu</strong></span> <span class='ocrx_word' id='word_1_218' title='bbox 956 3859 1093 3936; x_wconf 88' lang='lat' dir='ltr'><strong>parodiae</strong></span> <span class='ocrx_word' id='word_1_219' title='bbox 1115 3860 1194 3939; x_wconf 92' lang='lat' dir='ltr'><strong>apud</strong></span> <span class='ocrx_word' id='word_1_220' title='bbox 1224 3862 1359 3923; x_wconf 84' lang='lat' dir='ltr'><strong>Oomioos</strong></span> 
     </span>
    </p>
   </div>
   <div class='ocr_carea' id='block_1_7' title="bbox 273 3951 1359 4109">
    <p class='ocr_par' dir='ltr' id='par_1_7' title="bbox 273 3951 1359 4109">
     <span class='ocr_line' id='line_1_36' title="bbox 273 3951 1359 4032; baseline 0.005 -19"><span class='ocrx_word' id='word_1_221' title='bbox 273 3953 346 4013; x_wconf 73' lang='lat' dir='ltr'><strong>Aah.</strong></span> <span class='ocrx_word' id='word_1_222' title='bbox 382 3956 476 4024; x_wconf 89' lang='lat'>1861,</span> <span class='ocrx_word' id='word_1_223' title='bbox 498 3969 565 4032; x_wconf 87' lang='lat' dir='ltr'><strong>pag.</strong></span> <span class='ocrx_word' id='word_1_224' title='bbox 588 3953 642 4030; x_wconf 76' lang='lat'><strong>25)</strong></span> <span class='ocrx_word' id='word_1_225' title='bbox 674 3953 799 4015; x_wconf 86' lang='lat' dir='ltr'><strong>dixerim</strong></span> <span class='ocrx_word' id='word_1_226' title='bbox 822 3951 946 4014; x_wconf 76' lang='lat' dir='ltr'><strong>Leeclme</strong></span> <span class='ocrx_word' id='word_1_227' title='bbox 970 3953 1083 4016; x_wconf 84' lang='lat' dir='ltr'><strong>dictum</strong></span> <span class='ocrx_word' id='word_1_228' title='bbox 1105 3955 1154 4017; x_wconf 84' lang='lat' dir='ltr'><strong>hic</strong></span> <span class='ocrx_word' id='word_1_229' title='bbox 1175 3959 1287 4020; x_wconf 91' lang='lat' dir='ltr'><strong>comico</strong></span> <span class='ocrx_word' id='word_1_230' title='bbox 1308 3956 1359 4018; x_wconf 90' lang='lat' dir='ltr'><strong>ob·</strong></span> 
     </span>
     <span class='ocr_line' id='line_1_37' title="bbox 277 4054 514 4109; baseline -0.008 0"><span class='ocrx_word' id='word_1_231' title='bbox 277 4054 423 4109; x_wconf 84' lang='lat' dir='ltr'><strong>versatum</strong></span> <span class='ocrx_word' id='word_1_232' title='bbox 443 4065 514 4107; x_wconf 90' lang='lat' dir='ltr'><strong>esse.</strong></span> 
     </span>
    </p>
   </div>
   <div class='ocr_carea' id='block_1_8' title="bbox 315 4177 622 4256">
    <p class='ocr_par' dir='ltr' id='par_1_8' title="bbox 315 4177 622 4256">
     <span class='ocr_line' id='line_1_38' title="bbox 315 4177 622 4256; baseline -0.016 -14"><span class='ocrx_word' id='word_1_233' title='bbox 315 4177 398 4242; x_wconf 86' lang='lat' dir='ltr'><strong>lhid.</strong></span> <span class='ocrx_word' id='word_1_234' title='bbox 421 4197 463 4238; x_wconf 85' lang='lat' dir='ltr'><strong>vs.</strong></span> <span class='ocrx_word' id='word_1_235' title='bbox 486 4181 543 4238; x_wconf 84' lang='lat'><strong>706</strong></span> <span class='ocrx_word' id='word_1_236' title='bbox 566 4195 622 4256; x_wconf 89' lang='lat' dir='ltr'><strong>sq.:</strong></span> 
     </span>
    </p>
   </div>
   <div class='ocr_carea' id='block_1_9' title="bbox 312 4284 1359 4557">
    <p class='ocr_par' dir='ltr' id='par_1_9' title="bbox 312 4284 1359 4557">
     <span class='ocr_line' id='line_1_39' title="bbox 435 4284 1174 4375; baseline 0.004 -22"><span class='ocrx_word' id='word_1_237' title='bbox 435 4288 558 4353; x_wconf 80' lang='grc' dir='ltr'>ἄνασσα</span> <span class='ocrx_word' id='word_1_238' title='bbox 579 4289 729 4375; x_wconf 81' lang='grc' dir='ltr'>πράγους</span> <span class='ocrx_word' id='word_1_239' title='bbox 751 4284 842 4352; x_wconf 66' lang='grc' dir='ltr'>τοῦδε</span> <span class='ocrx_word' id='word_1_240' title='bbox 865 4293 912 4353; x_wconf 83' lang='grc' dir='ltr'><strong>καὶ</strong></span> <span class='ocrx_word' id='word_1_241' title='bbox 935 4286 1174 4372; x_wconf 76' lang='grc' dir='ltr'>βουλεύματος,</span> 
     </span>
     <span class='ocr_line' id='line_1_40' title="bbox 435 4380 1104 4472; baseline 0.006 -26"><span class='ocrx_word' id='word_1_242' title='bbox 435 4387 465 4446; x_wconf 88' lang='grc' dir='ltr'><strong>τί</strong></span> <span class='ocrx_word' id='word_1_243' title='bbox 486 4411 537 4465; x_wconf 90' lang='grc' dir='ltr'><strong>μοι</strong></span> <span class='ocrx_word' id='word_1_244' title='bbox 561 4381 748 4472; x_wconf 82' lang='grc' dir='ltr'>σκυθρωπὸς</span> <span class='ocrx_word' id='word_1_245' title='bbox 770 4380 965 4458; x_wconf 67' lang='grc' dir='ltr'>ἐξελήλυθας</span> <span class='ocrx_word' id='word_1_246' title='bbox 988 4380 1104 4467; x_wconf 69' lang='grc' dir='ltr'>δόμων,</span> 
     </span>
     <span class='ocr_line' id='line_1_41' title="bbox 312 4475 1359 4557; baseline 0.002 -16"><span class='ocrx_word' id='word_1_247' title='bbox 312 4479 479 4541; x_wconf 76' lang='lat' dir='ltr'><strong>Scholiasta</strong></span> <span class='ocrx_word' id='word_1_248' title='bbox 500 4478 554 4540; x_wconf 92' lang='lat' dir='ltr'><strong>hos</strong></span> <span class='ocrx_word' id='word_1_249' title='bbox 575 4495 674 4540; x_wconf 89' lang='lat' dir='ltr'><strong>versus</strong></span> <span class='ocrx_word' id='word_1_250' title='bbox 688 4497 724 4539; x_wconf 84' lang='lat' dir='ltr'><strong>er</strong></span> <span class='ocrx_word' id='word_1_251' title='bbox 739 4477 870 4557; x_wconf 87' lang='lat' dir='ltr'><strong>Telepho</strong></span> <span class='ocrx_word' id='word_1_252' title='bbox 888 4475 1041 4556; x_wconf 80' lang='lat' dir='ltr'><strong>Euripidis</strong></span> <span class='ocrx_word' id='word_1_253' title='bbox 1057 4487 1171 4542; x_wconf 83' lang='lat' dir='ltr'><strong>sumtos</strong></span> <span class='ocrx_word' id='word_1_254' title='bbox 1192 4499 1254 4543; x_wconf 87' lang='lat' dir='ltr'><strong>esse</strong></span> <span class='ocrx_word' id='word_1_255' title='bbox 1270 4489 1359 4543; x_wconf 76' lang='lat' dir='ltr'><strong>lesta-</strong></span> 
     </span>
    </p>
   </div>
   <div class='ocr_carea' id='block_1_10' title="bbox 0 0 1630 5170">
    <p class='ocr_par' dir='ltr' id='par_1_10' title="bbox 0 0 1630 5170">
     <span class='ocr_line' id='line_1_42' title="bbox 0 0 1630 5170; baseline 0 0"><span class='ocrx_word' id='word_1_256' title='bbox 0 0 1630 5170; x_wconf 95' lang='lat' dir='ltr'><strong> </strong></span> 
     </span>
    </p>
   </div>
  </div>
 </body>
</html>
