3222 5170
802 383 863 444 118

289 565 448 656 ’παρῳδῶν
471 567 613 652 respexit
634 567 685 630 vol
709 566 885 651 respexisse
910 565 1055 644 videtur,
1078 585 1135 648 pro
1152 585 1223 628 mea
1239 563 1365 629 divina-

294 683 383 748 tione
417 680 552 747 collecta
585 686 618 746 et
655 679 689 744 in
726 677 870 744 ordinem
903 679 1049 760 redacta,
1087 678 1163 743 huic
1196 679 1366 762 specimini

294 794 453 860 corollarii
474 794 543 859 vice
567 792 746 879 subjiciam.
770 792 865 858 Nunc
882 798 1011 857 tantum
1030 798 1187 878 superest,
1201 799 1239 857 ut
1251 793 1363 878 paucis

294 907 401 972 verbis
425 907 614 972 summatim
637 904 905 991 comprehendam
931 926 1011 989 quae
1038 905 1078 970 de
1100 905 1239 990 singulis
1255 905 1366 971 crimi-

295 1019 409 1103 nibus,
449 1019 600 1104 Euripidi
633 1041 653 1084 a
675 1018 796 1084 comico
822 1017 976 1102 objectis,
1002 1018 1168 1104 hucusque
1190 1019 1366 1085 arbitratus

296 1154 378 1196 sum.
426 1131 511 1198 Vere
533 1132 768 1217 Aristophanes
790 1131 916 1196 censuit
942 1131 1133 1217 Euripidem
1156 1154 1193 1197 ea
1216 1133 1269 1197 via
1290 1153 1365 1218 pro-

296 1245 406 1309 cedere
438 1252 471 1309 et
504 1267 613 1310 secum
646 1244 771 1309 trahere
792 1244 897 1326 cives,
921 1265 1002 1329 quae
1026 1245 1157 1311 duceret
1179 1247 1221 1311 ad
1242 1229 1368 1332 patriae

296 1356 483 1434 interitum
520 1378 623 1442 neque
657 1355 819 1421 immerito
854 1355 1002 1439 culpavit
1038 1357 1216 1440 novitates,
1250 1359 1368 1445 quibus

297 1468 469 1554 Euripides
482 1490 517 1534 se
527 1468 668 1554 tragicae
679 1468 786 1553 poesis
801 1468 1006 1553 splendorem
1019 1491 1137 1555 augere
1148 1471 1368 1551 existimabat3

298 1603 425 1649 summo
446 1603 520 1647 vero
537 1581 610 1667 jure
628 1581 856 1648 condemnavit
871 1581 940 1666 ejus
957 1582 992 1645 in
1007 1604 1103 1648 scena
1117 1583 1370 1670 philosophandi

298 1704 331 1761 et
363 1694 479 1760 diffuse
510 1695 747 1761 sermocinandi
778 1695 943 1779 studium,
970 1699 1195 1784 stragoediae
1217 1699 1372 1765 instituto

297 1809 394 1894 plane
423 1809 582 1886 aliennm3
606 1809 667 1874 hoc
692 1830 758 1874 uno
780 1801 911 1874 nomine
935 1809 1083 1895 iniquus,
1109 1812 1193 1896 quod
1217 1811 1252 1876 in
1278 1834 1371 1894 eum,

298 1921 347 1985 uti
383 1941 521 2005 maguus
544 1917 744 1984 ludaeorum
768 1920 914 1986 sacerdos
938 1921 972 1986 in
996 1923 1121 1987 hircum
1148 1924 1370 2005 emissarium,

299 2032 391 2117 quasi
415 2032 515 2097 totius
545 2033 660 2118 populi
683 2032 812 2119 culpam
836 2025 1041 2120 congereret,
1065 2059 1130 2101 non
1153 2038 1232 2103 satis
1254 2059 1371 2121 nempe

299 2146 482 2224 discernens
505 2145 583 2231 quid
606 2146 757 2230 Euripidi
773 2152 805 2211 et
829 2146 908 2231 quid
928 2147 1095 2213 universae
1119 2150 1371 2216 Atheniensium

298 2257 390 2341 genti
411 2257 538 2343 ipsique
560 2258 697 2342 tempori
716 2265 802 2324 esset
826 2259 1058 2343 imputandum
1071 2266 1091 2325 ¹.

344 2370 437 2450 Quod
462 2392 537 2436 vero
560 2392 677 2456 parum
701 2377 786 2436 recte
806 2371 846 2436 de
864 2393 923 2436 sno
942 2394 1020 2438 aevo
1035 2373 1138 2459 deque
1159 2397 1235 2440 snae
1248 2378 1373 2460 patriae

300 2483 484 2548 conditione
516 2482 678 2567 judicavit
708 2483 873 2567 comicus,
910 2489 944 2548 et
977 2487 1049 2574 παρ’
1071 2468 1185 2554 ἐλπίδα
1204 2491 1249 2554 ἐπ’
1271 2489 1375 2558 ἐλπίδι

299 2599 467 2669 πιστεύων,
493 2601 622 2660 servata
648 2602 775 2662 tenerae
803 2598 918 2662 aetatis
949 2598 1073 2682 optima
1094 2620 1237 2685 quaeque
1259 2625 1373 2689 exspe-

300 2707 410 2771 ctandi
432 2705 680 2793 consuetudine,
700 2732 737 2774 ea
752 2732 833 2795 quae
848 2710 918 2775 fieri
936 2711 1108 2796 nequirent
1121 2735 1155 2778 se
1170 2720 1374 2798 peracturum

301 2819 453 2903 credidit,
484 2842 543 2886 nec
577 2821 759 2907 desperavit
788 2821 866 2907 quin
896 2822 1046 2888 remediis
1072 2824 1224 2891 causticis
1248 2836 1376 2895 sanaret

301 2931 391 2998 illam
418 2936 517 2999 νόσον
540 2935 676 3021 ἀρχαίαν
698 2939 731 3000 ἐν
751 2941 795 3022 τῇ·
810 2935 901 3000 πόλει
922 2938 1130 3012 ἐντετοκυῖαν,
1154 2945 1187 3002 et
1213 2949 1377 3005 revocaret

301 3052 447 3130 tempora
474 3046 648 3130 Aeschyli,
675 3048 946 3132 quemadmodum
974 3049 1008 3113 in
1033 3049 1134 3114 Ranis
1157 3049 1243 3115 hunc
1266 3051 1376 3137 ipsum

301 3158 448 3224 videmus
469 3181 486 3223 e
509 3159 606 3224 domo
630 3159 784 3225 Plutonia
805 3160 909 3226 redire
931 3165 969 3225 ut
995 3161 1207 3246 Euripideum
1228 3164 1377 3249 poesine

301 3271 433 3336 civitate
454 3279 635 3356 removeat,
657 3312 701 3322 -
722 3274 783 3338 hoc
812 3274 961 3340 lubenter
982 3272 1012 3340 ei
1036 3276 1273 3355 condonamus3
1297 3279 1376 3364 quin

302 3383 430 3449 felicem
463 3386 688 3470 praedicamus
724 3379 891 3453 hominem
924 3388 1075 3454 Atticum
1096 3389 1137 3453 ob
1165 3395 1233 3454 tam
1256 3391 1376 3456 laetam

302 3499 540 3584 ingenuamque
565 3501 736 3580 fiduciam3
753 3502 841 3587 quali
863 3503 919 3587 qui
938 3502 1078 3588 gaudet,
1097 3524 1156 3568 nae
1173 3503 1230 3569 ille
1244 3526 1376 3569 securus

302 3611 448 3678 ambulet
470 3635 566 3699 super
589 3615 660 3701 ipso
682 3616 803 3680 montis
827 3615 985 3700 ignivomi
1007 3618 1158 3682 cratere&

335 3807 342 3836 ¹
358 3807 433 3856 “lhm
458 3807 532 3856 selbst
556 3809 611 3872 gibt
635 3824 663 3859 er
685 3809 790 3867 schola,
807 3823 857 3858 was
877 3810 902 3858 in
919 3810 964 3858 der
981 3810 1037 3860 Zeit
1054 3810 1306 3860 Geistcsverwandtes
1324 3825 1376 3858 urn-

299 3897 365 3945 nefs·
382 3897 475 3946 uerna.
492 3897 526 3966 rr.
542 3913 599 3962 pag.
616 3900 673 3950 aas.
1460 3878 1464 3886 ’

333 3987 365 4034 K.
383 3986 413 4036 0.
437 3986 541 4046 Miller,
566 3987 611 4038 Gr.
632 3988 684 4037 Lit.
704 3988 786 4051 gesch.
804 3989 844 4045 11,
862 4003 919 4052 pag.
936 3990 999 4038 249:
1016 3988 1112 4038 “sicher
1129 3989 1172 4036 hat
1197 3988 1378 4051 Aristophanes

299 4073 370 4123 darin
387 4074 508 4135 Unrecht,
524 4076 579 4124 dass
597 4077 698 4127 erdem
715 4077 847 4140 Euripides
864 4077 935 4125 einen
947 4076 1299 4139 pcrsbnlichenVorwnrfans
1309 4080 1378 4126 einer

300 4164 425 4228 Richtung
449 4166 531 4215 macht
555 4166 649 4216 welche
670 4169 708 4216 die
730 4181 808 4230 gance
825 4167 879 4216 Zcit
898 4167 945 4215 mit
961 4167 1207 4216 unwiderstchh'chcr
1225 4167 1323 4216 Gewalt
1339 4181 1376 4215 er·

299 4253 389 4316 griffcn
406 4254 499 4302 hattc.''

331 4342 488 4393 ²Pracclure
507 4345 678 4395 Bernhardius
703 4345 736 4395 l.l.
759 4360 815 4409 pag.
836 4346 897 4394 630:
925 4346 1002 4394 “Man
1019 4359 1077 4407 mag
1095 4345 1171 4393 daher
1189 4345 1376 4407 cntschuldigen

299 4434 368 4480 “dass
384 4449 410 4481 et
427 4436 481 4481 dem
498 4434 581 4484 Wahn
598 4443 652 4483 tren
669 4434 745 4493 blieb‚
763 4435 799 4483 als
816 4435 847 4483 ob
865 4435 952 4484 Athen
968 4435 1033 4483 bloss
1052 4434 1258 4497 roriibcrgehend
1276 4449 1309 4482 an
1326 4434 1374 4484 sir-
