3216 5154
796 371 835 432 73

276 552 448 639 Euripides
472 577 506 619 se
528 556 593 618 κατ’
615 554 691 628 έπος
711 551 878 639 βασανιεῖν
899 556 957 630 τὰς
979 553 1144 642 Αἰσχύλου
1167 552 1344 642 τραγῳδίας

274 667 438 752 promittit
473 666 535 752 (vs.
570 671 662 754 801).
711 669 807 734 Prius
842 676 951 735 tamen
982 670 1097 736 chorus
1133 671 1260 756 egregie
1288 672 1343 737 de-

276 781 388 848 scribit
417 783 585 869 utriusque
618 781 748 867 stilum,
782 784 937 868 Aeschyli
968 767 1282 869 magniloquentiam
1313 791 1369 850 et'

276 895 514 980 sesquipedalia
548 896 678 981 verba„
696 896 864 981 Euripidis
902 896 1031 962 dicendi
1072 897 1217 963 artificia.
1268 897 1344 963 Ele·

275 1008 489 1092 gantissimus
521 1010 702 1095 praeclarae
730 1010 860 1075 fabulae
882 1010 971 1076 locus
996 1010 1115 1096 diguus
1137 1016 1188 1076 est
1212 1010 1268 1096 qui
1292 1009 1345 1074 hic

276 1119 444 1200 afferatur3
477 1120 531 1207 (ea
561 1144 642 1208 quae
668 1123 839 1209 attingunt
863 1123 1053 1210 Euripidem
1076 1123 1218 1191 diductis
1241 1123 1344 1189 literis

277 1234 512 1324 distinguam);
538 1258 585 1303 vs.
612 1239 675 1304 814
700 1259 788 1324 sqq.:

317 1393 333 1464 ή
355 1416 416 1454 που
440 1387 541 1456 δεινὸν
560 1388 760 1477 ἐριβρεμέτας
782 1387 886 1476 χόλον
908 1385 1034 1454 ἔνδοθεν
1056 1385 1127 1461 έέει,

317 1493 397 1568 ἡνίκ’
418 1493 458 1558 ἂν
479 1490 673 1566 ὀξυλάλον
694 1489 810 1581 παρίδῃ
833 1489 1029 1578 θήγοντος
1048 1490 1212 1568 ὀδόντας

317 1597 559 1685 ἀντιτέχνου·
582 1601 649 1663 τότε
672 1595 709 1673 δὴ
728 1601 840 1680 μανίας
860 1599 922 1663 ὑπὸ
944 1594 1046 1673 δεινῆς

318 1705 437 1786 ὄμματα
459 1701 681 1790 στροβήσεται-

317 1809 398 1875 ἕσται
422 1807 448 1876 δ’
470 1810 659 1895 ἱππολόφων
677 1837 708 1874 τε
727 1806 839 1893 λόγων
860 1805 1053 1894 κορυθαίολα
1075 1816 1172 1887 νείκη,

317 1912 587 2001 σχινδαλάμων
606 1942 642 1979 τε
663 1910 893 2000 παραξόνια,
916 1914 1146 1999 σμιλεύματά
1166 1918 1192 1982 τ’
1215 1917 1346 2004 ἔργων,

318 2021 441 2105 φωτὸς
461 2017 708 2104 άμννομένου
731 2025 975 2108 φρενοτέκτονος
996 2020 1116 2108 άνδρὸς

316 2123 430 2210 ῥήμαθ’
451 2123 658 2210 ἱπποβάμονα
671 2127 699 2183 ¹·=

318 2229 432 2318 φρίξας
453 2229 480 2298 δ’
502 2224 676 2316 αὐτοκόμου
696 2233 813 2319 λοφιᾶς
832 2232 1027 2321 λασιαύχενα
1050 2236 1171 2319 χαίταν,

318 2332 419 2401 δεινὸν
440 2340 616 2404 ἐπισκύνιον
639 2335 786 2425 Ευνάγινν
807 2335 1019 2425 βρυχώμενος
1037 2339 1102 2414 ήσει

316 2439 439 2525 ῥήματα
457 2453 665 2528 γομφοπαγῆ,
685 2440 857 2519 πινακηδὸν
877 2442 1033 2508 ἀποσπῶν

317 2555 442 2632 γηγενεῖ
463 2551 626 2632 φυσήματι·

319 2649 426 2716 ἔνθεν
448 2648 490 2727 δή
513 2655 810 2739 στοματουργὸς
832 2655 930 2718 ἐπῶν
949 2649 1208 2738 βασανίστρια
1229 2649 1347 2729 λέσπη

318 2754 1137 2843 γλῶσσ’ἆνελισσομε’νηφθονεροὺςκινοῦσα
1149 2755 1347 2843 χαλινούς,

317 2859 470 2946 ῥήματα
492 2859 683 2946 δαιομένη
704 2861 1106 2946 καταλεπτολογήσει

269 2963 272 2967 ’
309 2970 551 3049 ,πνευμόνων
572 2965 702 3032 πολὺν
723 2969 860 3032 πόνου·

279 3097 372 3162 Alter
393 3096 483 3162 locus
508 3096 696 3162 simillimus
722 3095 950 3182 subjungatur,
975 3118 1022 3162 vs.
1047 3097 1112 3160 900
1136 3117 1228 3181 sqq.:

559 3232 740 3321 προςδοκᾶν
762 3234 820 3300 οὖν
841 3237 922 3310 εἰκός
944 3238 1008 3301 ἐστι

560 3343 715 3420 τὸνμὲν
738 3340 895 3406 άστεῖόν
914 3368 948 3405 τι
969 3337 1097 3412 λέξειν

312 3615 319 3646 ¹
354 3614 391 3664 Ut
412 3621 495 3664 textus
516 3591 619 3677 legitur,
637 3625 734 3662 neeesse
751 3618 788 3662 est
805 3611 922 3662 voeabula
939 3612 1020 3676 φωτὸς
1038 3611 1197 3676 ἀμυνομένου
1213 3615 1261 3663 siut
1277 3617 1348 3678 geni·
1396 3644 1403 3656 ι

280 3707 326 3758 tivi
350 3708 484 3771 pendentes
508 3720 523 3752 s
549 3704 691 3770 παραξόνια
715 3710 741 3753 et
765 3702 936 3767 σμιλεύματά,
961 3703 1044 3766 itaque
1067 3702 1157 3767 ῥήμαθ’
1177 3702 1347 3767 ἱπποβάμονα

280 3795 372 3861 α’νδρός
397 3795 591 3861 φρενοτέκτονος
615 3801 688 3843 eruut
708 3793 839 3857 jungenda
866 3793 940 3841 etad
957 3791 1111 3856 Aeschylum
1128 3793 1265 3842 referenda.
1299 3792 1349 3843 Sed

280 3887 329 3934 duo
353 3893 411 3934 sunt
434 3899 497 3950 quse
522 3899 562 3933 me
586 3883 626 3932 hic
650 3882 793 3940 offendunt;
818 3896 876 3930 nam
896 3881 1020 3944 postulare
1037 3881 1097 3930 mihi
1114 3882 1209 3930 videtur
1225 3889 1349 3930 structure

280 3976 353 4040 hujus
378 3977 484 4040 periodi,
510 3983 536 4025 ut
561 3974 680 4024 vocabula
705 3975 784 4037 φωτὸς
802 3971 963 4036 ἀμυνομένου
989 3973 1038 4020 siut
1061 3972 1189 4036 genitivus
1214 3971 1347 4030 absolutus

281 4066 369 4115 deiude
394 4063 561 4129 φρενοτέκτοιν
586 4063 662 4111 multo
686 4061 768 4124 aptius
793 4060 918 4123 epitheton
939 4061 1067 4125 Euripidis
1084 4077 1135 4110 esse
1151 4061 1260 4110 dixerim
1275 4076 1350 4125 quam

282 4155 407 4218 Aeschyli.
442 4153 528 4216 ltaque
545 4153 645 4203 mallem
659 4150 765 4215 jungere
782 4150 863 4215 φωτὸς
880 4150 1073 4214 φρενοτέκτονος
1091 4151 1171 4212 (Eur.)
1189 4150 1349 4216 ἀμυνομένου
1376 4143 1383 4153 ”

283 4246 381 4311 ῥήματα
399 4246 569 4310 ἱπποβάμονα
587 4244 678 4310 ἀνδρὸς
696 4244 818 4307 (Aescu),
835 4244 854 4292 si
872 4243 945 4292 modo
961 4248 1026 4290 esset
1042 4239 1193 4302 adjectivum
1209 4240 1276 4303 qood
1292 4241 1348 4289 addi

282 4344 362 4399 posset
378 4337 431 4385 voci
448 4334 541 4400 ἀνδρὸς
557 4335 593 4383 sic
608 4335 673 4384 nude
690 4335 795 4398 positae:
818 4332 950 4396 legendum
967 4336 1080 4393 putarem
1097 4328 1287 4391 ἱπποβάμονος,
1305 4330 1348 4378 sed

283 4425 361 4474 fateor
377 4426 488 4474 ordinem
506 4440 554 4487 quo
570 4424 644 4473 verba
660 4431 717 4473 suut
734 4423 852 4473 collocata
869 4420 925 4469 huic
942 4419 1073 4469 mutationi
1089 4433 1179 4482 parum
1196 4416 1288 4467 lavere.
