3222 5170
776 389 816 453 95

262 569 412 634 ostendat
435 569 504 654 ejus
528 571 592 636 vile
617 572 786 658 ingenium
806 574 815 607 ¹
840 597 938 660 quam
962 575 1060 660 longa
1084 596 1165 660 quae
1189 595 1335 658 praeces-

262 687 346 746 serat
368 682 542 749 altercatio.
584 684 648 750 Sed
671 687 804 752 omnino
827 687 1040 772 improbanda
1063 693 1141 753 sunt
1163 687 1222 752 illa
1244 685 1335 772 ῥάκη,

262 815 400 879 quorum
421 795 613 881 Euripides,
638 799 667 864 si
690 799 771 864 fides
794 800 1027 886 Aristophani,
1045 801 1176 886 plenam
1188 798 1338 866 servabat

262 907 396 992 cistam,
421 911 507 975 unde
529 912 664 977 heroum
687 913 880 980 afflictorum
903 915 1106 1001 depromeret
1120 913 1336 990 vestimenta3

262 1022 476 1107 vituperanda
497 1044 625 1110 quoque
649 1048 764 1091 senum
787 1027 946 1092 debilium
969 1026 1171 1112 'affectatio²,
1200 1047 1338 1113 quorum

262 1156 369 1221 genua
402 1138 576 1203 trementia
610 1139 646 1204 si·
674 1140 715 1214 ad
746 1140 931 1207 celeriorem
954 1163 1085 1206 currum
1108 1141 1336 1226 impellantur,

262 1247 401 1332 perbene
425 1248 527 1315 risum
550 1272 678 1317 movere
701 1253 847 1338 possint,
872 1259 910 1320 ut
926 1255 961 1318 in
975 1254 1073 1319 Pluto
1085 1236 1336 1339 Aristophanis,

263 1360 321 1426 sed
355 1383 522 1448 nunquam
556 1363 691 1430 affectus
724 1387 798 1431 vere
832 1367 971 1452 tragicos
1004 1367 1073 1432 sive
1106 1365 1247 1432 excitare
1270 1365 1338 1430 sive

263 1496 388 1561 augere.
437 1475 551 1561 Neque
590 1476 783 1563 quisquam,
825 1479 953 1565 opinor,
990 1479 1043 1544 hic
1078 1478 1266 1564 provocabit
1298 1479 1339 1544 ad

263 1573 449 1673 exemplum
483 1588 637 1672 Homeri,
675 1590 809 1656 Ulixem
832 1596 1037 1680 πτωχεύοντα
1068 1591 1281 1657 describentis
1305 1598 1340 1657 et

266 1701 414 1766 Laertem
437 1701 589 1767 indutum
611 1700 772 1787 ῥυπόωντι
795 1709 905 1792 χιτῶνι
926 1701 1036 1789 ῥαπτῷ
1051 1704 1199 1790 barachias,
1223 1703 1340 1790 utqui

264 1813 298 1877 in
333 1813 454 1899 dispari
486 1815 593 1899 poesis
624 1835 742 1900 genere
764 1836 802 1880 ca
827 1836 955 1880 narrare
989 1815 1133 1900 potuerit
1166 1816 1237 1881 sine
1270 1816 1340 1882 ulla

175 1905 176 1910 ἵ
264 1926 456 2010 offensione,
481 1950 563 2014 quae
586 1929 615 1993 si
638 1928 673 1993 in
697 1929 822 1994 theatro
846 1929 971 1994 videres
996 1949 1150 1994 nauseam
1161 1929 1305 1996 facerent
1315 1933 1337 1996 ³.

309 2040 349 2104 ln
372 2039 423 2105 his
449 2061 575 2127 quoque
599 2041 773 2127 Euripides
797 2041 943 2128 sequitur
966 2064 1083 2108 novam
1108 2043 1286 2126 rationem,
1306 2043 1341 2107 id

265 2153 439 2220 manifeste
462 2176 579 2241 agens,
614 2162 653 2221 ut
686 2156 789 2221 vitam
820 2157 925 2242 qualis
948 2163 1059 2222 revera
1081 2163 1150 2241 est,
1176 2158 1212 2221 in
1232 2157 1341 2223 minu-

266 2266 402 2332 tioribus
436 2288 564 2353 quoque
599 2268 746 2353 partibus
758 2316 767 2351 ,
803 2290 913 2353 presse
947 2267 1096 2335 imitetur
1130 2276 1163 2335 et
1195 2277 1341 2338 accurate

249 2380 443 2465 exprimat,
480 2403 581 2467 quum
615 2371 737 2467 priores
771 2388 885 2467 poetae
913 2404 963 2448 res
988 2383 1147 2450 humanas
1167 2384 1341 2471 pingentes

266 2493 458 2560 arctioribus
481 2495 602 2561 finibus
627 2519 661 2562 se
683 2498 941 2580 continuissent,
963 2503 996 2562 et
1019 2520 1057 2563 ea
1077 2521 1158 2585 quae
1173 2499 1341 2585 vulgarem

266 2606 434 2672 hominum
482 2608 584 2674 vitam
626 2611 810 2676 redolerent
850 2611 975 2696 tragica
1013 2633 1109 2677 scena
1137 2612 1342 2697 judicassent

267 2719 402 2804 indigna
415 2721 436 2784 ⁴.
463 2720 616 2786 Notabile
641 2721 811 2807 Sophoclis
837 2722 980 2806 dictum,
1011 2723 1134 2808 optime
1168 2725 1340 2792 discrimen

302 2998 308 3028 ¹
327 2996 455 3060 Siquidem
479 2995 503 3045 ei
526 2995 646 3059 abjectam
672 2995 781 3045 indolem
805 2996 925 3060 affingere
954 2973 1047 3058 plicuit
1071 3005 1171 3061 poetae,
1195 3006 1222 3048 ut
1246 2998 1341 3048 civibus

266 3087 419 3152 μισολάκωσι
444 3087 598 3150 palparetur3
623 3085 744 3151 ejusmodi
770 3087 897 3152 πονηρίαν
922 3086 968 3150 ipsi
993 3086 1090 3137 fabulae
1107 3103 1155 3137 non
1179 3090 1342 3139 necessariam

268 3177 418 3228 Aristoteles
434 3178 505 3227 Poet.
522 3191 575 3241 cap.
595 3179 626 3226 15
641 3185 667 3227 et
682 3179 715 3228 2⁵
732 3177 903 3240 vituperavit..

300 3265 350 3316 πΕ
374 3265 464 3330 quibus
488 3273 584 3316 constat
607 3265 696 3315 chorus
721 3265 746 3314 in
768 3265 878 3315 Hercule
896 3264 1002 3323 iurene
1020 3267 1061 3316 vd.
1078 3281 1115 3318 vs.
1129 3269 1181 3320 >107
1198 3281 1263 3332 ηιμ
1280 3269 1342 3318 addc

268 3356 392 3407 Tiresiam
415 3356 442 3404 in
462 3354 606 3404 Phoenissis
622 3354 781 3404 anhelantem
797 3369 833 3402 vs.
851 3354 900 3404 836
917 3369 982 3418 sqq„
1000 3356 1135 3419 Tyndarea
1151 3357 1194 3420 qui
1208 3363 1290 3408 aetate
1306 3359 1343 3406 in·
1437 3387 1443 3405 .

268 3445 364 3494 validus
380 3445 510 3494 adducitur
526 3451 551 3493 et
566 3445 694 3494 abducitur
710 3459 725 3492 a
744 3443 843 3493 famulis
860 3443 942 3497 Orest.
959 3458 995 3494 vs.
1013 3446 1076 3505 474,
1092 3446 1156 3506 629,
1171 3448 1342 3511 paedagogum

268 3536 334 3586 senio
350 3535 505 3585 vacillantem
521 3534 548 3582 in
563 3535 624 3584 Ione
640 3548 679 3583 vs.
696 3535 742 3587 741
756 3549 849 3598 squ·
866 3533 958 3586 “Scine
974 3535 1052 3584 Alten
1069 3535 1161 3599 klagen
1176 3536 1342 3588 immor-iiber

269 3627 324 3675 “die
341 3625 590 3677 Gebrechlichkeiten
606 3626 648 3674 des
665 3624 764 3683 Altera,
780 3626 831 3673 und
848 3624 943 3687 eteigen
960 3623 1282 3692 besondersdanAufgang
1299 3643 1344 3676 aus

268 3719 329 3767 “der
355 3715 489 3769 Orchestra
512 3714 558 3764 auf
578 3714 618 3763 die
640 3715 743 3773 thne,
826 3713 886 3764 iiber
901 3714 940 3764 die
962 3714 1141 3778 Mihseligkeit
1157 3717 1282 3775 seufaend,
1298 3718 1344 3767 mit

268 3803 651 3858 “wankendenKnienhineufJ‘
669 3803 783 3868 Schlsgel
800 3804 873 3854 Vorl.
890 3804 951 3853 uber
966 3805 1044 3853 drum.
1061 3805 1095 3853 K.
1112 3819 1137 3857 u.
1147 3805 1179 3854 L.
1189 3804 1215 3855 1¹
1222 3821 1278 3870 pag.
1286 3809 1343 3856 209.

301 3895 312 3929 ⁸
328 3898 368 3948 De
385 3912 434 3960 qua
448 3910 476 3946 re
492 3894 608 3944 audiatur
624 3894 771 3958 Lessingius
788 3894 814 3942 in
830 3893 956 3957 praeclaro
972 3893 1016 3943 illo
1033 3901 1140 3944 tractatu
1155 3896 1186 3944 de
1194 3896 1343 3946 Laocoonte.

270 3989 365 4037 Eodem
378 3989 436 4052 jure
452 3987 559 4036 narratio
576 3987 606 4035 de
623 3985 747 4034 Nausicaa
763 3984 836 4034 Ulixi
851 3985 917 4034 iuter
932 3984 1066 4034 lavandum
1077 3999 1177 4048 operam
1187 3985 1344 4035 ministrante

269 4077 378 4127 adhiberi
394 4084 474 4141 posset
489 4077 520 4126 ad
536 4076 729 4140 praetexendam
746 4073 881 4138 quamlibet
897 4075 1029 4124 mimorum
1040 4076 1174 4125 lasciviam.

302 4167 316 4208 ¹
329 4167 476 4218 Rectissime
493 4166 641 4217 Aristoteles
657 4166 729 4215 Post.
750 4166 867 4229 repostis
883 4166 985 4216 scenicis
995 4165 1087 4224 imitari
1101 4167 1256 4217 commendat
1267 4167 1343 4218 bonos

270 4258 579 4322 icouographos,quidum
596 4256 782 4306 similitudinem
799 4271 833 4306 ex
849 4271 910 4306 vero
926 4256 1082 4320 exprimunt,
1099 4256 1219 4320 adjiciunt
1234 4257 1342 4321 pulchri·

270 4348 381 4397 tudinem
405 4363 465 4399 vero
490 4348 616 4413 majorem.
641 4347 743 4398 Addere
760 4346 851 4409 possis,
868 4345 914 4395 hoc
930 4359 1027 4410 quoque
1043 4345 1101 4394 boni
1117 4346 1218 4409 pictoris
1234 4362 1300 4409 esse,
1315 4359 1344 4399 ut

199 4461 201 4466 .
270 4436 365 4486 leviora
381 4453 431 4487 non
448 4439 483 4487 ita
499 4438 574 4487 anxie
591 4436 713 4495 elaboret,
731 4435 832 4502 plenam
849 4436 909 4484 artis
918 4435 1036 4484 virtutem
1048 4449 1177 4483 reservans
1187 4437 1343 4498 gravioribus
