3216 5154
798 407 939 468 36-

736 537 744 567 l

282 591 339 657 sed
363 613 444 676 qnae
470 596 578 655 tamen
604 590 710 654 multo
733 590 832 654 etiam
854 588 1083 673 praeclariores
1105 589 1286 655 evasissent
1304 609 1356 693 me

278 705 404 791 judice,
439 703 467 768 si
487 703 585 789 plane
604 703 788 768 comoediae
811 710 939 780 essent3
965 712 1003 767 ut
1026 703 1154 786 mulus,
1179 703 1242 769 etsi
1266 703 1357 767 utilis

282 838 341 882 nec
375 817 561 900 indecorus,
595 837 658 882 usu
690 813 802 882 tamen
830 837 894 881 non
918 825 1036 902 aequat
1060 816 1205 909 asinum,
1231 821 1265 882 et
1285 816 1358 901 pul·
1398 821 1400 825 ‘

283 929 468 995 chritudine
489 929 587 1014 longe
610 949 692 1014 equo
715 928 959 1013 postponendus
984 936 1042 994 est.
1110 965 1112 969 ·
1143 981 1147 992 .

329 1043 461 1129 Optime
482 1065 522 1108 ex
546 1044 624 1108 Ione
644 1048 725 1127 puto
749 1065 801 1107 me
814 1042 985 1108 defendere
997 1064 1093 1127 posse
1105 1063 1201 1130 quam
1216 1041 1359 1129 expressi
1437 1111 1438 1116 γ

284 1157 479 1243 opinionem.
515 1156 623 1242 Hujus
641 1156 771 1221 fabulae
789 1162 1031 1240 argumentum,
1047 1157 1292 1244 ἁναγνωρισμὸς
1303 1179 1360 1242 per

284 1270 478 1356 crepundia,
503 1271 534 1337 in
560 1277 705 1335 mentem
727 1269 821 1334 nobis
843 1275 974 1334 revocat
998 1268 1181 1334 comoedias
1201 1267 1276 1334 illas
1290 1270 1359 1334 Me·

284 1383 443 1448 nandreas
467 1389 501 1449 et
522 1389 721 1448 caeterorum
746 1387 848 1448 novae
870 1382 1053 1448 comoediae
1078 1388 1264 1467 poetarum,
1278 1403 1360 1468 quae

248 1477 249 1482 ἵ
285 1498 505 1562 Romanorum
531 1496 715 1562 imitatione
740 1497 908 1578 (Rudente
934 1495 1090 1561 Plautino
1111 1501 1193 1580 puta
1216 1495 1268 1560 vel
1288 1497 1359 1560 Anss

186 1677 188 1682 ,
285 1610 355 1675 dria
378 1609 533 1695 Terentii)
557 1609 651 1675 nobis
676 1610 899 1675 innotuerunt.
927 1609 1043 1674 Totum
1055 1607 1121 1674 fere
1137 1608 1311 1674 discrimen
1326 1609 1360 1672 in

285 1746 322 1788 eo
351 1729 498 1788 versatur
527 1723 612 1809 quod
644 1745 709 1788 non
740 1723 844 1788 Attici
875 1729 1016 1788 aratores
1037 1729 1070 1788 et
1090 1729 1282 1788 mercatores
1304 1721 1361 1786 sed

285 1837 414 1923 antiqui
438 1837 550 1902 heroes
574 1843 607 1902 et
629 1837 676 1900 dii
699 1858 756 1922 per
780 1858 911 1901 scenam
935 1836 1099 1901 incedunt.
1129 1835 1243 1920 Neque
1268 1835 1361 1900 triste

285 1950 458 2035 quicquam
479 1950 580 2034 inest,
606 1952 749 2036 exceptis
772 1950 936 2016 flebilibus
961 1950 1118 2034 querelis,
1134 1961 1223 2035 'quas
1242 1949 1362 2015 Oreiisa

284 2061 395 2126 fundit
421 2069 607 2149 postquam·
626 2063 758 2128 rescivit
782 2063 937 2130 maritum
964 2062 1118 2147 adoptare
1140 2063 1223 2128 velle
1249 2064 1361 2128 Ionem

285 2194 344 2258 pro
366 2175 445 2259 filio,
469 2182 503 2241 et
527 2175 657 2241 insidiis
681 2197 761 2261 quas
785 2175 902 2241 deinde
926 2176 998 2240 Ioni
1022 2176 1137 2242 tendit.
1190 2177 1297 2261 Haec,
1314 2179 1362 2242 'ad

287 2293 483 2354 structuram
507 2287 663 2352 dramatis
687 2310 753 2352 non
778 2289 979 2372 necessaria,
1005 2289 1126 2354 dixeris
1150 2296 1362 2376 apoetaesse

286 2401 398 2467 addita
422 2407 458 2466 ut
488 2401 581 2467 fieret
612 2401 754 2466 similius
787 2387 989 2488 tragoediam
1020 2403 1077 2469 sed
1097 2403 1213 2471 malles
1237 2406 1358 2471 abesse.

287 2515 372 2582 Nam
397 2516 517 2582 alterae
539 2502 617 2582 sunt
639 2514 873 2582 lacrimosiores
898 2539 996 2602 quarn
1021 2539 1141 2603 prore,
1157 2519 1276 2585 alterae
1289 2541 1362 2585 vero

287 2637 355 2695 tam
389 2630 516 2696 immite
539 2631 683 2715 produnt
713 2629 853 2696 Oreiisae
884 2627 1072 2716 ingenium,
1105 2640 1144 2697 ut
1173 2655 1244 2698 earn
1267 2626 1362 2699 ne'mo

287 2762 354 2807 non
387 2743 557 2809 abhorrere
588 2744 713 2828 possit,
748 2766 849 2830 quum
892 2743 925 2808 in
970 2744 1077 2830 priore
1109 2746 1238 2812 fabulae
1271 2745 1363 2833 parte

238 2925 240 2928 ,
287 2876 441 2940 magnam
472 2856 567 2922 nobis
600 2857 813 2932 commoverit
843 2859 894 2922 sui
919 2859 1181 2924 misericordiam.
1231 2859 1363 2926 Scilicet

287 2989 325 3032 ea
346 2970 480 3053 mulier,
505 2970 578 3056 ipsa
600 2970 714 3036 furtivi
737 2979 849 3056 partus
873 2970 936 3036 sibi
960 2971 1107 3056 conscia,
1133 2974 1363 3058 cumsuspice-

289 3093 342 3147 tur
368 3081 541 3167 juvenem,
574 3104 669 3169 quem
694 3083 848 3168 adoptare
869 3081 1005 3148 maritus
1033 3090 1144 3168 parat,
1167 3084 1270 3168 ipsius
1294 3107 1364 3150 esse

289 3197 426 3261 nothum
448 3195 572 3278 filium,
597 3199 631 3261 in
653 3202 783 3261 tantum
808 3196 990 3261 exardescit
1009 3196 1148 3262 furorem
1166 3204 1189 3282 ¹,
1214 3199 1364 3284 utApol-

287 3381 383 3432 “Stiick
398 3383 443 3430 des
459 3382 593 3445 Euripides
611 3384 692 3432 weder
710 3398 774 3446 ganz
791 3383 936 3448 Erz'rihlung
954 3383 1016 3432 noch
1033 3397 1096 3446 gana
1109 3383 1203 3435 Drama
1211 3385 1258 3432 ist?
1280 3385 1365 3433 Nennt

260 3491 262 3496 ·
288 3478 329 3522 “es
346 3473 480 3522 immerhin
496 3474 537 3523 ein
555 3473 668 3533 Zwitter;
687 3489 772 3538 genug
789 3475 845 3523 dass
863 3473 929 3522 mich
946 3474 1028 3522 dieser
1037 3473 1142 3523 Zwitrer
1152 3475 1224 3524 mehr
1233 3478 1365 3539 vergniigt,

290 3564 376 3612 “mehr
401 3563 499 3620 orbant,
520 3562 556 3612 als
572 3564 612 3612 die
629 3563 862 3627 gesetnmissigsten
878 3561 1003 3612 Geburten
1021 3576 1093 3610 eurer
1109 3571 1236 3612 corrector
1254 3545 1384 3614 Recineu¹

289 3655 365 3702 “oder
390 3653 436 3702 wie
461 3653 498 3702 sic
523 3660 591 3702 ronst
613 3652 718 3701 heissen.
752 3651 819 3702 Weil
835 3653 878 3700 der
895 3651 1016 3700 Meulesel
1034 3653 1115 3700 weder
1133 3651 1209 3701 Plerd
1227 3653 1290 3701 noch
1307 3653 1367 3702 Esel

291 3744 350 3801 ‘'ist,
377 3745 409 3792 ist
438 3759 466 3792 er
492 3745 579 3792 darum
607 3742 720 3806 weniger
747 3743 814 3791 eines
843 3757 892 3790 von
921 3743 970 3790 den
998 3743 1155 3790 nntzbarstcn
1180 3743 1364 3806 lesttragenden

290 3833 451 3883 “Thieren?'’

326 3925 331 3954 ¹
367 3923 424 3973 Scio
448 3923 549 3986 quidem
575 3923 694 3972 Creiisam
721 3923 772 3971 irae
797 3923 946 3972 interserere
970 3936 1085 3980 causam,
1110 3924 1174 3984 qnod
1200 3931 1273 3986 turpe
1297 3932 1367 3986 putet

291 4013 394 4062 nothum
412 4011 543 4075 aliqnando
559 4021 718 4074 regnaturum
737 4011 859 4070 Athenis,
876 4022 903 4060 ut
920 4011 986 4060 canit
1001 4013 1076 4059 etium
1094 4011 1184 4060 chorus
1201 4027 1237 4061 vs.
1249 4014 1311 4063 1058
1323 4028 1366 4077 sq:

451 4099 510 4164 μηδὲ
529 4100 585 4150 ποτ’
603 4102 682 4159 ἄλλος
700 4101 787 4150 ἄλλων
804 4101 847 4150 ἀπ’
866 4101 942 4150 οἴκων
960 4101 1058 4158 πόλεως
1075 4099 1183 4150 ἀνάσσοι

453 4192 523 4251 πλὴν
539 4194 591 4240 τῶν
608 4191 739 4255 εὐγενετᾶν
756 4189 921 4257 Ἐρεχθειδᾶν.

212 4305 215 4311 ·
292 4284 339 4332 Sed
364 4296 437 4330 nemo
459 4282 544 4330 credet
568 4280 609 4329 hic
633 4294 683 4330 non
708 4280 789 4343 potius
815 4281 927 4330 exerceri
950 4287 1008 4328 nota
1023 4294 1187 4328 novercarum
1204 4282 1267 4330 odie.
1301 4280 1367 4329 Hinc

290 4388 387 4437 quoque
411 4374 500 4436 liquet,
524 4380 643 4436 quantum
667 4371 727 4420 huic
750 4374 912 4434 dramaturgo
936 4370 1048 4420 offecerit
1076 4385 1109 4419 ex
1134 4371 1235 4434 antiqua
1265 4370 1368 4420 historie

292 4457 420 4512 desuinerc
437 4463 579 4518 materiem,
596 4463 657 4510 adeo
674 4461 819 4524 plerumque
835 4461 960 4524 cognitam
979 4469 1005 4509 et
1020 4474 1067 4509 usu
1078 4459 1246 4518 sancitam,ut
1256 4461 1370 4510 mutandi
