3216 5154
793 391 834 451 24

282 574 488 660 potissimum
520 574 616 640 debet
648 574 816 640 ostendere
855 573 1034 638 infortunia
1071 573 1211 637 virorum
1249 594 1354 657 neque

284 707 414 772 prorsus
438 687 610 768 malorum,
634 686 668 750 id
692 686 778 758 enim
804 708 862 752 nec
878 684 1119 752 miserationem
1133 705 1191 748 nec
1204 683 1353 750 timorem

282 781 435 886 moveret,
470 822 573 885 neque
596 820 727 886 prorsus
752 800 909 885 bonorum
942 799 1124 883 (ἐπιεικῶν),
1159 797 1244 862 istuc
1267 795 1354 890 enim

283 912 435 981 horribile
479 913 622 999 (μιαρὸν)
658 918 752 977 esset.
802 912 994 978 Miseremur
1024 918 1133 976 autem
1168 913 1354 989 insontium,

281 1025 435 1112 timemus
470 1046 571 1110 quum
603 1024 776 1106 consimiles
806 1028 908 1104 nostri
936 1023 1025 1108 duris
1056 1023 1185 1104 casibus
1208 1022 1356 1096 videmus¹

283 1139 422 1211 exerceri
440 1139 459 1204 ¹.
501 1138 620 1203 Exitus
644 1136 773 1203 fabulae
796 1143 866 1203 esto
890 1137 1023 1219 infelix,
1038 1159 1113 1202 non
1137 1142 1268 1223 propter
1282 1157 1354 1220 per-

285 1251 472 1317 versitatem
497 1252 554 1322 ssd
575 1257 707 1336 propter
730 1272 883 1336 magnam
909 1250 1072 1336 quandam
1094 1249 1224 1334 culpam
1242 1256 1264 1314 2.
1286 1237 1288 1239 ¹

329 1364 368 1428 In
401 1364 452 1432 his
484 1386 566 1450 quae
598 1364 771 1440 numinum
802 1363 960 1442 habeatur
991 1361 1072 1442 ratio
1096 1382 1160 1425 non
1184 1362 1357 1436 obscurum

286 1485 344 1552 est.
371 1477 538 1557 Miseratic,
563 1478 665 1562 oritur
687 1499 787 1566 quum
812 1475 959 1541 videmus
982 1475 1130 1556 homiues
1158 1475 1270 1559 bonos,
1287 1496 1358 1540 ma-

284 1591 382 1674 gnos,
423 1589 602 1669 laudabiles
638 1589 879 1665 calamitatibus
918 1589 1019 1668 obrui.
1068 1588 1102 1667 Si
1127 1595 1237 1654 autem
1260 1588 1357 1673 plane

285 1703 415 1781 innocui
439 1708 549 1770 essent
571 1709 605 1768 et
628 1703 750 1788 absque
772 1702 863 1782 omni
886 1723 945 1778 sua
968 1703 1063 1788 culpa
1087 1709 1154 1779 tarn
1171 1702 1278 1768 tristia
1289 1700 1359 1780 fata

286 1821 484 1900 paterentur,
520 1793 796 1893 succenseremus‘
813 1814 876 1880 diis
910 1821 968 1886 aut
1001 1815 1109 1883 nullos
1144 1838 1215 1880 esse
1246 1825 1361 1900 putare

287 1929 552 2006 sollicitaremus:
592 1933 763 2014 propterea
802 1928 913 2002 hernes
958 1928 1026 2000 sint
1058 1929 1168 2015 aliqua
1196 1951 1235 1994 ex
1269 1938 1361 2014 parte

288 2049 407 2108 sontes.
452 2042 551 2113 Porro
582 2041 786 2113 recordemur
817 2063 945 2122 necesse
968 2048 1032 2124 est,
1057 2043 1169 2119 eadem
1196 2043 1245 2108 vel
1269 2033 1362 2114 simi,

291 2157 337 2221 lia
366 2156 548 2234 infortunia
577 2155 671 2240 nobis
696 2177 823 2242 quoque
846 2177 941 2240 posse
963 2157 1126 2237 accidere,
1150 2179 1225 2231 cum
1248 2163 1281 2222 et
1300 2157 1362 2242 ipsi

291 2269 394 2334 simus
423 2269 588 2352 homines,
621 2289 759 2354 cumque
781 2268 971 2354 praesertim
996 2291 1091 2344 nemo
1114 2270 1155 2342 ab
1179 2269 1268 2343 ¹omui
1291 2268 1363 2335 labe

294 2404 328 2447 se
360 2402 478 2466 purum
512 2381 602 2454 sciat.
652 2381 783 2456 Similes
816 2382 918 2468 igitur
941 2383 1063 2468 nostri,
1092 2384 1154 2454 etsi
1177 2384 1271 2456 nobis
1294 2405 1363 2453 ma,-

287 2497 395 2582 jcres,
428 2496 507 2564 dum
536 2495 576 2560 in
611 2517 707 2560 scena
740 2496 887 2563 videmus
919 2497 1015 2571 malis
1048 2483 1168 2584 affligi,
1205 2500 1363 2564 sentimus

292 2617 419 2687 mutato
450 2609 582 2686 nomine
613 2610 652 2684 de
680 2609 772 2689 uobis
797 2610 1036 2696 quodammode
1059 2612 1181 2682 narrari
1205 2612 1362 2691 fabulam3

293 2724 418 2800 tim0r³
441 2722 601 2799 excitatur
624 2746 664 2798 ne
688 2723 801 2798 eadem
824 2746 906 2810 quae
930 2725 963 2798 in
989 2725 1081 2808 illos,
1107 2726 1138 2797 in
1164 2721 1222 2791 dos
1239 2748 1365 2813 qnoque

293 2837 439 2920 saeviant
471 2837 622 2914 numina3
648 2859 746 2924 quam
770 2839 881 2924 exigui
904 2839 1006 2906 simus
1030 2839 1206 2923 discimus,
1232 2862 1251 2904 a
1274 2841 1365 2909 theca

292 2951 419 3038 machia
451 2949 664 3038 deterremur,
690 2958 728 3017 ut
751 2952 832 3038 vitia
855 2959 966 3036 nostra
989 2954 1187 3039 carrigamus
1211 2955 1366 3026 admone·¹

294 3085 376 3146 mur,
402 3071 435 3144 et
458 3064 505 3136 sic
528 3065 569 3129 ad
591 3065 762 3148 hominum
785 3066 1046 3136 emendationem
1067 3065 1207 3148 multum
1224 3069 1367 3144 conferre

293 3200 388 3262 posse
411 3181 629 3267 tragoediam,
655 3181 779 3268 liquido
802 3188 902 3267 patet.

341 3292 404 3358 Sed
436 3294 464 3372 si
493 3295 629 3360 numina
659 3287 774 3378 tollas,
810 3297 839 3360 si
864 3296 1008 3394 Olympii
1027 3298 1067 3367 in
1093 3299 1195 3380 nubes
1218 3304 1251 3363 et
1274 3319 1367 3363 auras

297 3411 492 3492 evanescant
518 3406 569 3484 uel
593 3407 634 3486 ad
657 3428 761 3482 meras
785 3408 934 3492 nationes
955 3410 1196 3497 philosophicas
1218 3410 1368 3497 redigan-

296 3524 360 3601 tur,
401 3541 504 3605 neqne
532 3521 602 3606 jam
632 3544 731 3607 supra
764 3523 912 3594 homines
944 3531 1034 3590 extet
1068 3532 1213 3611 potestas
1245 3532 1370 3611 praeter

297 3655 423 3706 caecam
446 3634 610 3708 fortunam
636 3636 686 3702 vel
711 3636 846 3724 ferream
873 3639 1118 3725 necessitatem,
1141 3641 1174 3726 in
1198 3639 1370 3724 propatulo

331 3917 339 3948 ¹
373 3917 446 3969 Poet.
461 3919 500 3968 13:
518 3919 586 3984 ὁμέν
594 3923 643 3986 γὰρ
653 3922 731 3984 (ἕλεος
739 3921 867 3986 nimirum)
878 3924 933 3987 usui
945 3925 991 3974 τὸν
999 3923 1104 3980 ἀνάξιόν
1113 3924 1181 3976 ἐστιν
1189 3925 1372 3988 δυστυχοῦντα,
1417 3905 1419 3910 ¹

297 4007 351 4056 ὸόὲ
369 4007 469 4072 (nempe
486 4008 578 4073 φόβος)
596 4013 650 4074 περὶ
669 4012 716 4060 τὸν
733 4013 828 4076 ὅμοιον.

330 4095 341 4134 ’ἒ
373 4097 438 4146 Ibld.
456 4098 491 4161 μὴ
509 4097 550 4148 διὰ
566 4100 708 4164 μοχθηρίαν
725 4100 794 4148 ἀλλὰ
812 4099 841 4149 δι’
859 4101 988 4165 ἁμαρτίαν
1004 4079 1127 4168 μεγάλην.Ι

330 4185 340 4214 ·”
373 4185 437 4236 (lum
464 4189 554 4236 timere
580 4188 669 4252 (creas)
694 4204 745 4238 non
769 4170 958 4240 confundendus
984 4200 1021 4240 ert
1048 4197 1132 4240 terror
1154 4193 1274 4255 (actrilrb
1292 4202 1373 4242 terror

299 4275 365 4326 enim
383 4291 433 4325 non
449 4277 562 4326 diversus
579 4286 617 4327 est
633 4293 648 4326 a
664 4278 834 4328 misericordis
850 4295 924 4342 quam
941 4294 1003 4344 erga
1019 4280 1080 4329 alios
1096 4282 1224 4342 sentimus,
1242 4283 1268 4330 in
1286 4279 1375 4332 timore

300 4380 360 4414 uero
386 4381 429 4415 nos
453 4367 520 4430 ipsos
544 4368 701 4431 respicimus,
728 4376 755 4419 ut
772 4368 900 4417 verissime
917 4371 1058 4432 expositum
1076 4386 1091 4418 s
1108 4371 1238 4435 Lessingio
1256 4373 1281 4420 in
1300 4387 1374 4437 opere

302 4456 374 4526 {nudo
391 4456 498 4508 laudato.
585 4505 589 4512 ,
