3216 5154
645 959 819 1037 CAPUT
852 960 907 1034 ΙΙ.

523 1115 525 1119 ’
602 1131 774 1177 nunmnns
813 1099 959 1196 ἄθεος,

692 1301 860 1314 mm&

382 1419 396 1500 ξ
426 1422 452 1482 1.
505 1419 591 1500 Quid
611 1420 839 1505 Aristophanes
862 1421 919 1484 loc
941 1420 979 1484 de
998 1441 1033 1484 ro
1055 1420 1180 1485 dixerit,

249 1757 254 1772 ,
293 1715 404 1780 Primo
441 1716 511 1780 loco
551 1715 584 1779 in
624 1736 757 1780 censum
794 1715 885 1780 venit
919 1714 1097 1799 impietatis
1138 1714 1317 1796 accusatio,

249 1828 396 1893 omnium
422 1808 623 1915 gravissima.

283 1941 369 2006 *Non
401 1941 556 2027 exignum
585 1941 729 2026 profecto
763 1941 884 2005 crimen
915 1944 1002 2023 erat,
1032 1940 1060 2005 si
1083 1940 1156 2025 quis
1178 1939 1319 2005 Athenis
1397 1983 1398 1986 =

249 2054 322 2120 istis
346 2055 546 2140 temporibus
571 2053 721 2141 ἀσεβείας
736 2053 988 2119 insimularetur,
1015 2053 1171 2118 Damna—ti
1187 2055 1319 2119 Anaxa·

248 2190 361 2254 goras,
391 2167 567 2253 Diagoras,
592 2166 667 2250 alii,
693 2166 799 2234 solum
822 2167 977 2232 vertendo
1000 2168 1056 2231 vix
1079 2173 1216 2233 mortem
1240 2166 1320 2233 effu-

248 2286 379 2366 gerant3
407 2281 550 2347 Socratis
567 2281 765 2366 supplicium
780 2301 857 2345 mox
872 2280 1084 2365 probaturum
1099 2288 1179 2364 erat,
1191 2280 1321 2346 laudem

249 2393 398 2478 pietatis,
431 2414 494 2479 qua
525 2394 743 2459 Athenienses
766 2393 1001 2479 gloriabantur,
1026 2395 1067 2460 ab
1092 2395 1132 2460 iis
1157 2401 1321 2459 servatum

251 2507 292 2570 iri
316 2507 430 2592 quovis
453 2506 567 2591 modo,
592 2508 644 2573 vel
667 2529 724 2593 per
747 2506 892 2572 tribunal
906 2514 939 2572 et
954 2507 1094 2573 cicutam
1109 2509 1129 2573 ¹.
1158 2507 1323 2572 “Tantum

251 2620 366 2705 religio
389 2621 498 2705 potuit
521 2621 655 2686 suadere
678 2621 908 2686 maloruml'’²

298 2734 411 2828 Qualis
443 2743 517 2800 vero
550 2740 619 2800 erat
650 2733 708 2800 illa
730 2734 851 2818 pietas,
876 2755 973 2819 quam
997 2732 1214 2799 Athenienses
1238 2733 1323 2798 tanti

253 2849 414 2914 faciehant
445 2853 482 2912 ut
505 2848 589 2912 inter
612 2846 802 2930 blanditias,
827 2846 945 2932 quibus
968 2851 1083 2930 poetae
1106 2852 1322 2930 spectatorum

253 2961 377 3026 animos
411 2960 553 3026 delenire
584 2961 772 3042 studerent,
804 2959 1057 3025 usitatissimum
1086 2966 1171 3025 esset
1192 2960 1324 3026 laudare

253 3073 411 3162 εὐσέβειαν
434 3073 565 3138 Atticae
588 3073 730 3138 civitatis
744 3074 780 3136 ³?
809 3072 994 3137 Fatendum
1017 3077 1082 3156 est,
1100 3072 1128 3138 si
1143 3073 1323 3139 accuratius

252 3187 413 3273 inquiras,
447 3187 503 3251 vix
525 3185 698 3272 quicquam
721 3190 848 3270 praeter
871 3207 998 3251 cassam
1021 3207 1138 3252 nucem
1161 3186 1321 3252 inveniri:

252 3306 381 3366 vetusta
404 3298 579 3383 solemnia,
604 3299 820 3384 praescriptos
843 3298 944 3382 ritus,
970 3299 1113 3364 carmina
1137 3299 1235 3365 sacris
1252 3320 1322 3364 ver-

252 3413 302 3496 bis
326 3419 498 3498 concepta,
523 3412 714 3498 fabulasque
737 3412 926 3497 permultas.
967 3411 1054 3476 Hinc
1078 3413 1130 3477 vel
1153 3413 1323 3478 minimam

253 3527 418 3592 detrahere
438 3526 643 3611 particulam,
657 3524 762 3591 scelus
772 3524 982 3602 censebatur;
997 3525 1053 3590 sed
1070 3527 1324 3612 quotusquisque

285 3688 294 3718 ¹
312 3689 397 3740 Bonan
415 3688 452 3737 les
469 3687 592 3752 Apttres',
608 3703 664 3751 pcg.
682 3689 742 3737 314:
768 3687 808 3736 “Il
823 3701 855 3736 ne
871 3686 924 3736 faut
940 3701 983 3750 pas
994 3685 1121 3744 l'cublier‚
1132 3685 1246 3736 Atheneo
1258 3689 1325 3736 avait

255 3777 311 3826 “bel
327 3789 353 3826 ec
368 3777 425 3826 bien
441 3777 610 3841 l'inqnisition.
627 3777 675 3827 Les
691 3775 779 3833 dicax,
796 3777 837 3840 qn·
854 3776 1024 3840 Aristophane
1039 3777 1150 3826 befouait
1161 3791 1203 3825 sur
1213 3776 1325 3839 lascene,

253 3866 363 3916 “tuciem
389 3864 551 3929 quelquefois.
584 3866 620 3915 Ils
644 3865 743 3915 tuerent
769 3866 885 3923 Socrate,
912 3867 942 3914 ils
969 3865 1088 3916 saillirent
1114 3874 1170 3915 tner
1186 3867 1325 3918 Alcibiade.

253 3957 447 4018 “Anaxagoras,
463 3956 627 4018 Protagoras,
646 3955 775 4006 Theodora
791 3953 907 4015 l'Athee,
925 3956 1049 4019 Diagorae
1062 3956 1326 4016 concineratione

255 4047 300 4094 “dc
323 4045 398 4102 Ceos,
424 4043 532 4107 Stilpon,
558 4045 682 4101 Aristcto,
699 4043 882 4106 Theophrasto,
900 4045 1019 4108 Euripide
1036 4045 1118 4094 iurent
1135 4046 1230 4108 pluscn
1247 4047 1326 4096 moins

254 4135 449 4184 “sericusement
464 4133 608 4196 inquieten'*

286 4222 413 4274 ’Lucra
430 4222 526 4280 1,102.
640 4275 642 4282 s

287 4315 297 4346 ³
314 4314 352 4366 Ut
376 4315 407 4362 dc
422 4313 478 4362 aliis
497 4320 591 4363 nocam
610 4313 702 4376 poetis,
719 4327 768 4362 ncn
786 4327 800 4360 a
819 4326 846 4362 re
862 4312 959 4361 videtur
975 4313 1015 4363 hic
1032 4312 1185 4371 meminisse,
1203 4326 1235 4361 ex
1252 4313 1325 4361 Euri·

254 4405 318 4468 pidia
341 4403 445 4454 servatis
469 4402 558 4452 fabulis
583 4404 644 4452 duas
667 4402 693 4449 in
717 4402 815 4450 landem
836 4401 935 4452 Atticae
958 4402 1086 4465 εὐσεβείας
1103 4417 1156 4451 esse
1172 4402 1326 4466 compositas,

257 4493 385 4558 Supplices
394 4499 420 4542 et
428 4492 586 4542 Heraclidas:
599 4491 690 4542 Thesei
698 4492 723 4540 in
732 4491 787 4551 illc,
799 4492 824 4540 in
834 4491 879 4542 hac
889 4492 1086 4556 Demophoontis
1097 4493 1176 4556 pietas
1184 4492 1326 4542 celebratur.
