3216 5154
793 385 833 445 70

278 572 346 636 Nee
370 591 432 634 non
458 591 532 634 cum
556 569 664 634 furore
686 567 744 652 iilo
768 567 897 634 dicendi
916 566 1108 652 conjunctus
1124 569 1194 630 erat
1209 585 1347 629 vesanus

278 682 431 770 litigandi
454 690 488 747 et
506 682 654 767 judicum
679 703 810 748 munere
834 679 992 766 fungendi
1015 700 1116 762 emor,
1140 700 1237 764 quem
1252 676 1348 742 toties

279 796 419 862 comicus
445 797 483 860 in·
504 796 570 862 suis
595 795 720 866 civibus
745 794 872 860 notovit
889 798 915 872 Ι;
940 797 1099 880 quantum
1116 813 1190 858 vero
1205 793 1266 858 boo
1279 797 1348 856 siu·

279 910 369 975 dium
394 907 559 996 φιλόδικαυ
584 909 688 976 velere
712 909 859 974 debuerit
881 908 924 974 ed
946 907 1131 992 plebeculae
1154 911 1349 992 potestatem

279 1024 479 1110 augendam,
513 1024 568 1088 vix
600 1030 650 1088 est
674 1024 760 1108 quod
784 1043 934 1088 moneam
950 1027 972 1086 2.
1024 1021 1112 1087 Bene
1135 1007 1378 1105 perspiciebat

279 1137 440 1219 comicus,
470 1143 508 1201 ut
536 1136 671 1222 Spartae
695 1139 751 1212 τὴν
773 1137 1038 1223 φιλοχρηματίαν,
1063 1135 1108 1200 sic
1131 1133 1274 1200 Athenis·
1294 1134 1351 1207 τὴν

280 1251 530 1338 φιλορρηματίαν
549 1243 599 1332 (si
622 1249 671 1316 fes
696 1262 746 1315 est
768 1271 885 1316 novem
907 1249 1028 1335 fingere
1044 1249 1234 1334 dictionem)
1251 1246 1350 1312 exitio

279 1364 364 1446 fore,
389 1384 492 1449 neque
516 1369 609 1430 tento
631 1364 672 1428 ab
688 1363 756 1429 ullo
772 1369 905 1429 externo
920 1364 1013 1429 hoste
1029 1369 1153 1449 quante
1167 1361 1208 1428 eb
1223 1361 1351 1427 interne

274 1461 338 1542 illa
357 1483 449 1563 peste
471 1477 615 1562 pericula
637 1477 817 1543 imminere.

326 1591 400 1655 Non
424 1590 543 1655 mirum
568 1588 669 1675 igitur
693 1589 721 1654 si
746 1590 982 1674 Aristophanes
998 1589 1197 1654 odiohebuii
1209 1593 1349 1674 poetam,

281 1704 333 1768 eui
369 1702 477 1770 Suada
508 1701 777 1788 potentissimum
810 1723 931 1770 numen
959 1701 1129 1768 videbatur
1145 1713 1175 1786 ³,
1201 1707 1233 1768 et
1256 1723 1351 1787 quem

313 2024 321 2054 ¹
356 2026 451 2074 Notum
475 2035 526 2085 est,
543 2028 686 2092 Vesperum
703 2028 868 2085 comoediam,
886 2025 925 2076 vei
944 2027 1031 2076 saltem
1049 2026 1158 2090 priorem
1175 2028 1230 2089 ejus
1248 2034 1350 2088 partem,

280 2115 359 2164 multo
383 2114 535 2166 festiviorem
552 2117 631 2166 altere
646 2132 707 2180 queo
724 2132 772 2167 non
789 2117 851 2166 beno
868 2116 998 2174 cohaeret,
1014 2115 1177 2178 compositam
1193 2128 1247 2163 esse
1263 2116 1296 2164 ed
1312 2115 1352 2164 fle-

280 2204 422 2267 gollandum
439 2205 500 2258 illud
518 2208 711 2269 φιληλιαατικὸν
727 2206 846 2257 studium.
872 2206 960 2256 Unum
977 2206 1057 2256 locum
1074 2219 1106 2254 ex
1118 2219 1147 2254 ee
1159 2203 1241 2254 sebnia
1251 2204 1353 2255 efferam

279 2292 456 2355 lepidissimum
473 2309 509 2342 vs.
525 2295 576 2346 800
593 2310 659 2359 sqq.:

447 2419 451 2426 -
472 2383 567 2444 ἠκηκόη
583 2386 632 2448 γὰρ
650 2385 683 2442 ὡς
700 2383 832 2444 Ἀθηναῖοί
851 2402 913 2433 ποτε

474 2471 598 2522 δικάσοιεν
615 2474 658 2522 ἐπί
675 2477 731 2532 ταῖς
748 2472 848 2523 οἰκίαισι
866 2476 914 2532 τὰς
931 2473 1015 2534 δίκας,

473 2561 522 2610 κάν
539 2565 593 2619 τοῖς
611 2561 748 2626 προθύροις
766 2560 953 2626 ἐνοικοδομήσοι
972 2563 1025 2621 πᾶς
1041 2560 1108 2624 ἀνὴρ

473 2653 543 2718 αὐτῷ
560 2652 746 2717 δικαστηρίδιον
762 2654 850 2718 μικρὸν
868 2652 946 2714 πάνυ,

475 2742 558 2805 ὥσπερ
575 2740 715 2803 Ἑκάταιον,
733 2744 867 2805 πανταχοῦ
884 2743 934 2805 πρὸ
953 2746 1004 2792 τῶν
1021 2744 1113 2806 θυρῶν.

282 2828 416 2878 Praeterea
432 2830 548 2881 notabilis
565 2830 606 2880 hic
621 2831 689 2882 locut
706 2831 772 2881 Nub,
789 2847 825 2880 vs.
845 2831 922 2884 1220:

475 2921 540 2984 ἅταρ
558 2919 676 2970 οὐδέποτέ
694 2938 721 2984 γε
738 2921 787 2978 τὴν
804 2919 914 2986 πατρίδα
931 2925 1088 2984 καταισχυνῶ

476 3013 535 3072 ζῶν,
553 3010 623 3060 α’λλδ
641 3012 766 3075 καλοῦμαι
782 3011 948 3076 Στρεψιάδην.

281 3097 433 3157 Quibuscum
450 3098 610 3149 conferentur
626 3099 688 3149 hoec
703 3099 871 3164 sycophantae
887 3101 964 3150 verbe
981 3102 1078 3151 Avium
1096 3117 1131 3150 vs.
1152 3103 1226 3151 libi:

701 3190 730 3237 τὸ
747 3188 820 3253 γένος
835 3191 865 3240 ob
882 3195 1056 3254 καταισχυνῶ’-

477 3280 608 3344 παππφῒος
626 3277 639 3326 ὁ
655 3276 714 3338 βίος
732 3283 898 3343 συκοφαντεῖν
914 3279 967 3328 ἐστι’
984 3297 1035 3343 μοι.

284 3366 377 3415 Avium
395 3381 432 3416 ve.
449 3368 494 3420 39:

476 3457 498 3505 oi
515 3460 561 3520 μὲν
579 3460 626 3522 γὰρ
644 3460 690 3508 σιἰν
707 3457 814 3522 τέττιγες
832 3457 875 3508 ’ἕνα
893 3457 951 3522 μῆν’
968 3460 983 3517 ἦ
1002 3457 1046 3507 δύο

476 3546 517 3594 ἐπὶ
535 3550 587 3597 τῶν
603 3545 702 3607 κραδῶν
719 3546 816 3612 pibone,
835 3547 966 3607 Ἀθηναῖοι
982 3547 1002 3598 δ
1020 3547 1059 3597 ιίιί

476 3634 517 3683 ivri
535 3639 586 3684 τῶν
603 3635 678 3684 δικῶν
695 3634 784 3700 ᾄδουσι
801 3635 887 3684 πάντα
904 3636 950 3685 τὸν
965 3636 1036 3698 βίον.

283 3720 323 3770 Sic
348 3721 421 3770 etiem
447 3721 558 3771 Nubium
584 3737 622 3772 vs.
647 3724 709 3775 1176
737 3733 944 3773 commemoretur
968 3725 1029 3774 iilud
1055 3725 1158 3776 α’ττικὸν
1174 3726 1285 3787 βλέποςι
1304 3727 1357 3774 irrr-

260 3791 262 3798 '
284 3810 378 3872 χώραν
398 3810 467 3866 niue,
485 3813 512 3861 re
531 3813 572 3860 “rt
588 3811 667 3875 ιιηας
685 3813 746 3869 ees·

314 3896 325 3928 ¹
358 3899 388 3947 Id
404 3899 502 3948 uberius
518 3913 644 3963 exponere
662 3915 710 3948 non
728 3899 802 3961 hujus
819 3909 855 3949 est
872 3902 925 3950 loci.
954 3900 1078 3952 Videatur
1096 3907 1266 3953 tantummodo
1281 3906 1359 3968 Vcsp.

283 4002 319 4034 vs.
337 3989 399 4042 587:
1211 3987 1213 3992 ’

412 4078 485 4127 ταῦτ’
501 4078 673 4130 α’νυπεύθννοι
692 4081 802 4145 δρῶμεν,
822 4086 872 4130 τῶν
890 4081 910 4130 δ’
929 4083 1016 4132 ἄλλων
1034 4083 1124 4146 οὐδεμί’
1143 4082 1220 4148 α’ρχὴ.

284 4167 409 4217 Heliestee
435 4168 537 4228 scilicet,
563 4170 605 4233 qui
626 4169 669 4232 jos
694 4170 809 4222 dicebant
833 4172 936 4220 caeteris
961 4173 1091 4232 omnibus,
1116 4187 1147 4222 ne
1172 4175 1360 4237 magistratibus

282 4259 381 4321 quidem
397 4259 521 4322 exceptis,
539 4259 584 4322 ipsi
602 4260 828 4310 neminiserbitrio
846 4260 935 4311 subditi
953 4271 1030 4311 erent.
1064 4261 1197 4312 Caeterum
1215 4279 1359 4326 provocasse

283 4347 372 4396 sufficit
388 4349 419 4398 ed
436 4348 548 4398 Schoem.
566 4349 610 4400 Gr.
629 4350 682 4400 Ait.
701 4351 720 4408 1,
740 4365 795 4413 pag.
813 4352 863 4399 492
879 4358 905 4400 et
922 4352 970 4400 519
987 4366 1038 4414 sqq.

316 4434 326 4468 ³
359 4437 463 4490 Hecube
488 4438 514 4485 in
537 4439 678 4502 cognomini
704 4439 787 4489 fabule
813 4440 858 4502 (vs.
876 4441 935 4504 816)
961 4448 1033 4492 vocat
1059 4440 1133 4490 πειθὼ
1160 4443 1208 4500 τὴν
1227 4442 1354 4504 τύραννοι·
