3222 5170
574 885 746 961 CAPUT
774 885 1043 961 ULTIMUM.

681 1080 899 1094 mmm

320 1215 514 1300 Priusquam
549 1234 640 1279 meae
663 1213 832 1300 scriptioni
855 1214 952 1280 finem
976 1214 1113 1298 faciam,
1137 1235 1250 1299 operae
1273 1235 1347 1300 pre-

276 1328 361 1394 tium
394 1326 521 1392 videtur
543 1327 683 1392 breviter
709 1345 885 1412 exponere,
909 1349 992 1413 quae
1014 1327 1156 1392 virorum
1179 1328 1346 1393 doctorum

276 1440 317 1506 de
339 1439 547 1534 criminibus,
571 1439 612 1504 ab
635 1438 853 1525 Aristophane
876 1439 1048 1506 intentatis
1064 1440 1233 1527 Euripidi,
1249 1439 1348 1506 variis

277 1551 477 1638 temporibus
509 1551 632 1616 fuerint
663 1551 841 1638 opiniones.
890 1553 977 1619 Huic
1013 1554 1157 1639 profecto
1189 1575 1254 1620 non
1287 1574 1354 1618 usn

278 1665 369 1731 venit
401 1672 440 1731 ut
466 1663 588 1750 posteri
611 1664 764 1750 exiguam
787 1664 856 1750 ejus
879 1664 946 1730 odii
968 1666 1088 1751 poetici
1109 1667 1270 1732 rationem
1292 1666 1350 1730 ha-

278 1780 408 1856 berent3
446 1778 602 1864 permulti
643 1779 731 1843 enim
764 1784 843 1844 sunt
876 1779 952 1845 libri
988 1780 1119 1866 majoris
1153 1779 1353 1864 minorisque

279 1892 376 1965 molis
411 1898 444 1957 et
476 1890 650 1974 momenti,
686 1890 754 1957 sive
787 1892 826 1958 de
859 1892 919 1957 hac
948 1893 1083 1959 materie
1107 1893 1142 1958 in
1167 1892 1353 1958 universum

281 2006 349 2070 sive
372 2004 545 2089 deraliqua
566 2003 636 2088 ejus
658 2010 751 2089 parte
773 2004 825 2069 vel
847 2005 945 2070 etiam
958 2005 1181 2072 minutissima
1196 2004 1355 2091 particula

283 2123 427 2204 agentes.
454 2117 539 2184 Mihi
548 2117 623 2186 vero
637 2120 666 2185 si
681 2121 790 2186 omnia
801 2143 839 2186 ea
851 2122 971 2208 scripta
983 2123 1035 2189 vel
1046 2122 1241 2209 inspiciendi
1250 2120 1354 2187 facul-

152 2329 157 2342 ·
256 2239 259 2244 '
282 2236 333 2296 tas
356 2230 408 2296 vel
431 2232 617 2318 perlegendi
640 2233 844 2321 contingeret
859 2237 980 2319 otium,
1004 2257 1069 2300 non
1087 2257 1179 2301 meae
1196 2239 1282 2300 esset
1298 2239 1356 2298 aut

283 2343 399 2409 aetatis
423 2349 480 2409 ant
502 2343 684 2432 imperitiae
703 2352 753 2412 tot
768 2347 1008 2414 lucubrationes
1026 2347 1167 2412 virorum
1189 2346 1356 2412 doctorum

284 2458 346 2524 rite
380 2464 529 2525 excutere
563 2481 736 2546 eorumque
770 2462 948 2527 sententias
983 2462 1025 2526 ad
1051 2460 1193 2546 lapidem
1216 2459 1356 2544 Lydium

286 2550 470 2659 explorar03
502 2581 667 2660 praeterea
690 2575 837 2641 timerem
861 2574 954 2640 nesi
978 2596 1074 2661 quam
1099 2574 1139 2639 de
1161 2595 1233 2639 meo
1255 2571 1360 2636 habeo

286 2685 489 2771 opinionem,
513 2709 551 2752 ea
574 2688 634 2764 sub
658 2692 750 2753 tanto
773 2687 897 2753 alienae
915 2687 1106 2777 eruditionis
1126 2667 1358 2771 monteoppri-

287 2805 446 2878 meretur3
471 2800 523 2866 hio
546 2800 634 2868 enim
657 2801 686 2866 si
708 2823 846 2887 usquam
870 2801 956 2866 valet
979 2801 1125 2887 querela,
1145 2821 1242 2885 quam
1257 2799 1359 2863 Bern-

288 2912 438 2996 hardius,
471 2936 537 2979 non
569 2915 678 3000 segnis
711 2921 819 2980 tamen
844 2914 1001 2980 librorum
1023 2936 1097 2980 cum
1120 2920 1264 2980 veterum
1289 2919 1360 2977 tum

289 3026 502 3096 recentiorum
536 3034 714 3113 scmtator,
751 3027 918 3114 praemisit
949 3027 1065 3093 ultimo
1092 3025 1252 3091 volumini
1285 3045 1362 3090 suae

291 3140 445 3206 historiae
478 3138 638 3206 literariaa
662 3139 753 3225 (edit.
780 3140 834 3224 3):
858 3143 982 3225 “quum
1006 3144 1102 3204 antea
1125 3137 1293 3203 mediocris
1320 3136 1362 3201 li-

294 3255 448 3318 “brorum
471 3251 564 3338 copia
586 3235 877 3337 sufficeret,'nunc
900 3252 1020 3338 scripta
1040 3253 1082 3317 de
1103 3250 1296 3336 specialibus
1311 3272 1362 3315 ar-
1403 3313 1407 3322 ,

293 3365 522 3452 “chaeologiae
535 3365 682 3451 partibus
698 3388 733 3433 se
749 3365 955 3432 cumularunt
970 3373 1004 3432 et
1019 3366 1053 3430 in
1069 3367 1138 3431 dice
1154 3387 1189 3431 se
1200 3365 1364 3431 cumulare

296 3482 474 3565 “pergunt3
499 3481 556 3546 sed
578 3482 673 3567 pauci
696 3485 791 3547 erunt
813 3479 869 3566 qui
893 3480 993 3546 tantis
1017 3480 1141 3547 divitiis
1165 3502 1238 3547 vere
1253 3478 1318 3546 frui
1331 3486 1365 3543 et-

297 3593 460 3679 “gaudere
482 3595 641 3681 possint”
672 3596 786 3682 Neque
808 3617 883 3661 eum
905 3600 1025 3661 temere
1047 3596 1094 3660 ita
1116 3595 1206 3681 queri
1232 3599 1366 3679 apparet

296 3729 336 3773 ex
359 3702 477 3794 magno
500 3729 634 3774 numero
657 3708 813 3774 libromm
836 3729 915 3794 quos
939 3707 1019 3773 citat
1041 3707 1075 3772 in
1100 3709 1275 3775 tractandis
1298 3709 1363 3774 siu-

203 3807 205 3814 ’
297 3819 384 3905 gulis
414 3823 657 3907 quaestionibus
669 3871 678 3905 ,
710 3843 864 3908 perquam
888 3843 983 3906 saepe
1006 3822 1158 3888 tenuibus
1181 3828 1215 3887 et
1238 3829 1367 3888 tantum

298 3957 362 4000 non
398 3936 488 4000 omni
520 3935 680 4022 gravitate
711 3935 910 4019 carentibus,
935 3957 1035 4021 quum
1059 3936 1247 4022 praesertim
1271 3935 1370 4019 louge

298 4049 398 4116 etiam
420 4049 529 4135 plures
553 4049 683 4115 silentio
706 4049 870 4115 transierit
887 4053 906 4114 ¹.

332 4239 425 4290 ¹Soite
449 4239 523 4290 ctiam
548 4241 661 4291 Dindorf.
686 4239 782 4304 proleg.
807 4241 877 4290 Poet.
902 4239 996 4290 Scenic.
1021 4255 1078 4303 pag.
1104 4242 1144 4288 15:
1170 4239 1297 4289 “infinitae
1313 4247 1373 4290 sunt

299 4329 479 4379 “recentiorum
578 4329 753 4394 disputationes
771 4337 796 4378 et
811 4329 938 4393 opiniones
947 4329 1138 4389 diversissimae,
1155 4330 1245 4392 quibus
1255 4329 1373 4378 amnibus

298 4418 467 4487 “perlegendis
483 4419 525 4485 qui
540 4421 570 4468 ed
587 4421 667 4470 studia
683 4419 819 4485 Sophoclea
837 4419 959 4482 [dieamus
981 4419 1175 4481 studiascenica]
1185 4433 1333 4484 praeparere
1343 4433 1372 4468 se
