3216 5154
772 371 919 475 57¹

256 603 442 689 loquentem
475 607 512 665 ut
537 600 607 685 jam
639 623 684 664 vs.
722 603 806 666 1169
836 607 912 686 post
934 593 1134 686 ⁴responsum
1157 599 1226 685 ejus
1253 601 1333 664 miro

257 714 453 800 implicitum
482 714 673 780 exclamarit
696 714 878 800 Dionysus:

379 829 411 896 εὖ
433 831 472 906 νὴ
494 831 550 894 τὸν
572 828 689 916 Ἑρμῆν
710 864 750 873 -
774 833 791 895 ὅ
812 859 840 896 τι
862 829 967 916 λέγεις
990 827 1016 895 δ’
1035 830 1072 895 οὐ
1094 826 1252 930 pandrina·

249 939 294 1004 ‚si
328 957 402 1004 vere
436 936 583 1003 Koclrius
616 938 733 1004 statuit
764 937 825 1004 sub
860 936 999 1021 Dionysi
1031 957 1171 1022 persona
1207 934 1241 998 in
1276 935 1334 998 hac

258 1050 424 1117 comoedia
450 1049 551 1116 latere
581 1049 738 1136 populum
772 1049 1008 1116 Atheniensem
1032 1048 1159 1114 theatra
1184 1047 1334 1133 frequen-

258 1170 383 1228 tantem
403 1164 425 1248 ¹,
457 1165 600 1231 comicus
624 1165 752 1231 ultimis
778 1163 904 1230 duobus
925 1163 1004 1229 locis
1022 1162 1092 1228 sine
1104 1162 1204 1227 dubio
1213 1161 1334 1243 innuit,
1441 1174 1444 1180 '

259 1283 455 1363 spectatores
482 1300 578 1364 saepe
602 1299 667 1343 non
691 1279 837 1364 potuisse
857 1276 1043 1363 intelligere
1066 1277 1221 1342 sublimia
1238 1275 1336 1340 Euri-

258 1392 344 1476 pidis
367 1392 472 1475 dicta,
497 1399 530 1458 et
553 1414 589 1458 eo
611 1393 683 1478 ipsa
699 1392 837 1458 fortasse
852 1392 892 1457 de
908 1414 1005 1457 causa
1019 1392 1137 1477 plausu
1147 1391 1301 1477 probasse
1313 1398 1334 1455 ⁹.
1362 1445 1370 1456 .

304 1508 435 1574 Praeter
469 1509 529 1576 hos
559 1508 664 1593 locos,
702 1510 734 1573 in
770 1507 888 1594 quibus
925 1508 1100 1593 Euripides
1139 1507 1335 1573 nominatim

259 1623 506 1709 perstringitur,
540 1623 649 1708 plures
682 1628 760 1689 sunt
789 1623 907 1705 etiam,
933 1621 1166 1708 Aristophanis
1192 1623 1231 1687 de
1255 1643 1339 1686 nova

259 1737 466 1823 philosophia
482 1737 644 1823 judicium
667 1719 887 1805 ostendentes.
936 1738 989 1804 Sic
1014 1739 1138 1821 Meton,
1163 1746 1260 1805 notus
1282 1738 1339 1802 ille

261 1852 528 1935 mathematicus,
561 1853 777 1918 astronomiae
809 1853 891 1918 bene
920 1852 1061 1936 peritus,
1094 1851 1199 1918 Attici
1229 1852 1338 1918 calen-

261 1963 342 2028 darii
373 1965 580 2046 emendator,
624 1966 658 2029 iu
697 1965 821 2031 Avium
849 1964 1017 2030 comoedia
1046 1964 1157 2050 flagris
1194 1966 1339 2052 abigitur

262 2099 301 2141 ex
329 2076 572 2144 Nubiliououlia
605 2079 679 2162 (Av.
712 2100 772 2145 vs,
787 2081 1001 2165 992-1020)
1027 2078 1127 2144 simul
1150 2101 1224 2144 curn
1247 2101 1338 2164 syco-

261 2191 394 2274 phantis
430 2199 464 2258 et
501 2193 703 2258 oraculorum
730 2191 899 2279 plebisque
925 2191 1080 2257 scitorum
1103 2192 1336 2259 venditoribus.

263 2305 417 2391 Inprimis
450 2328 525 2371 vero
558 2307 620 2372 huc
650 2307 816 2392 pertinent
850 2328 932 2391 quae
966 2306 1007 2370 (11
1041 2305 1208 2391 Euripidis
1235 2308 1339 2374 arnico

265 2420 394 2485 Socrate
423 2420 575 2485 dicuntur
607 2421 641 2484 in
673 2419 842 2510 Nubibus,
876 2442 958 2505 quae
988 2419 1115 2504 fabula,
1148 2429 1186 2486 ut
1216 2421 1250 2485 in
1279 2423 1340 2488 eri-

263 2533 351 2598 mine
383 2532 544 2617 ἀσεβείας,
576 2533 622 2598 sic
655 2533 755 2598 etiam
781 2532 839 2599 ubi
862 2533 901 2598 de
926 2533 1159 2618 intempestiva
1180 2542 1214 2599 et
1234 2557 1340 2622 nuga·

263 2647 347 2714 toria
376 2646 585 2733 philosophia
615 2646 740 2733 agitur,
772 2646 974 2732 respicienda
1002 2654 1061 2712 est.
1111 2647 1205 2727 Quod
1230 2656 1339 2714 autern

151 2841 154 2848 .
263 2769 360 2827 antea
388 2761 456 2847 jam
489 2759 632 2825 vidimus
664 2761 753 2845 (pag.
791 2761 860 2847 16),
897 2759 1037 2826 Socratis
1064 2762 1197 2827 nomine
1222 2762 1257 2825 in
1281 2762 1340 2826 hac

263 2874 429 2939 comoedia
452 2894 564 2937 omnes
588 2871 751 2957 sophistas
778 2882 811 2937 et
836 2871 935 2937 etiam
960 2871 1150 2957 Euripidem
1177 2874 1339 2959 sugillari,

265 3008 425 3072 nusquam
458 2993 509 3052 est
538 2986 745 3052 manifestius
776 3009 873 3073 quarn
904 2986 939 3051 in
968 2985 1009 3051 iis
1040 2985 1170 3052 fabulae
1194 2989 1341 3074 partibus

264 3102 320 3168 ubi
341 3123 445 3167 sermo
467 3107 518 3166 est
539 3101 579 3167 do
600 3102 696 3168 rebus
721 3101 933 3183 sublimibus,
959 3123 1039 3188 quas
1060 3107 1191 3167 constat
1217 3101 1341 3168 Socrati

265 3215 319 3279 vix
344 3214 450 3300 magis
474 3214 563 3279 cordi
585 3215 687 3281 fuisse
710 3236 807 3302 quam
829 3213 894 3300 ipsi
916 3213 1131 3309 Aristophani
1146 3215 1166 3279 ³.

308 3331 385 3396 dam
416 3353 460 3396 vs.
496 3333 537 3396 94
572 3353 640 3417 sqq.
676 3330 716 3396 de
754 3334 986 3418 φροντιστηρίῳ
1022 3329 1100 3413 1111,
1135 3331 1192 3395 uhi
1229 3330 1341 3395 Socra·

267 3459 333 3512 tem
358 3442 564 3510 meditationi
588 3464 698 3508 vacare
721 3445 924 3507 commentus
949 3447 1000 3504 est
1023 3441 1277 3526 Aristophanes,
1296 3442 1342 3508 sic

265 3559 404 3648 legimus
415 3586 421 3623 :

300 3850 307 3880 ¹
342 3848 489 3911 Einleitung
507 3863 528 3895 n.
539 3848 562 3895 d.
580 3845 715 3896 Froschen.
734 3869 764 3880 -ν
783 3844 824 3895 Sic
839 3843 1023 3894 Schoemsnnus
1040 3860 1142 3909 quoque,
1161 3845 1205 3897 Gr.
1213 3847 1343 3897 Alterth.³

267 3942 295 3990 11
311 3954 368 4003 pag.
389 3939 436 3990 162
452 3937 594 4000 Dionysum
610 3935 676 3984 hunc
693 3933 905 3997 Aristophaneum
924 3942 995 3984 vocat
1010 3935 1068 3984 “ein
1085 3935 1197 3985 Zerrbild
1216 3938 1259 3985 des
1276 3938 1345 3987 sclie-

266 4030 369 4080 uischeu
387 4025 661 4089 Thcaterpublikums.'’
1337 4092 1340 4098 Ι

299 4118 310 4150 ²
342 4116 480 4169 verissime
504 4115 674 4166 Bernhardins
700 4113 734 4194 ll.
760 4128 817 4177 pag.
842 4113 892 4162 403
910 4111 985 4161 infra:
1021 4115 1098 4162 “Man
1115 4113 1173 4163 darf
1186 4114 1225 4164 bei
1243 4116 1344 4166 solchen

269 4209 466 4271 “Ausspriichen
487 4207 575 4271 tragon
594 4205 639 4254 aul
653 4203 757 4253 welches
775 4202 908 4252 Paulinum
927 4202 962 4251 sic
979 4203 1127 4260 rechneten;
1144 4202 1210 4252 (1111
1226 4205 1263 4254 sic
1279 4205 1344 4267 glei-

269 4299 347 4348 “chen
365 4297 531 4359 Monologen,
548 4296 599 4344 und
617 4295 657 4343 die
674 4294 767 4356 Menge
784 4294 899 4341 varstand
917 4293 997 4340 daron
1015 4290 1121 4352 nichts.''

302 4388 311 4420 ³
345 4389 426 4438 Immo
444 4388 558 4437 Socratas
576 4387 688 4448 “primns
706 4381 884 4447 philosophiam
901 4381 1034 4431 devocavit
1051 4397 1064 4431 1
1081 4381 1171 4433 1111ο,”
1206 4381 1259 4434 Cic.
1271 4384 1344 4433 Tunc.

270 4477 342 4540 Disp.
360 4477 393 4536 V,
411 4479 435 4536 4,
455 4478 491 4525 lo.
