3222 5170
797 417 857 476 114

663 511 674 562 l

286 597 331 661 ab
358 597 513 682 Euripide
537 598 686 683 elegiacis
710 600 854 664 versibus
879 621 1049 684 expressa,
1074 598 1164 683 eujus
1190 601 1246 683 rei,
1264 623 1366 686 quan-

290 716 363 776 tum
384 691 521 793 scimus,
546 733 639 775 nemo
664 719 739 776 ante
761 734 836 776 eum
856 718 966 776 auctor
987 712 1151 794 extiterat,
1170 735 1273 798 neque
1292 723 1366 800 post

292 845 366 888 eum
407 824 578 909 quisquam
615 825 743 890 videtur
784 824 867 888 illud
900 830 1040 888 metrum
1076 826 1217 910 tragicae
1254 847 1367 892 scenae

294 935 490 1003 adhibuisse.

336 1049 376 1112 In
412 1051 527 1116 iambis
561 1051 700 1136 denique
733 1050 908 1135 Euripides
934 1051 1020 1115 idem
1042 1051 1197 1116 novitatis
1223 1052 1369 1117 studium

294 1163 438 1228 ostendit
450 1163 536 1248 quod
548 1163 642 1245 alibi,
656 1184 771 1247 aegre,
789 1171 828 1228 ut
841 1163 987 1244 videtur,
1003 1163 1125 1227 ferente
1137 1163 1367 1247 Aristophane

295 1274 427 1340 difficile
465 1297 539 1340 vero
577 1299 618 1340 ex
654 1276 780 1341 levibus
826 1276 920 1341 modo
950 1275 1097 1360 vestigiis
1135 1275 1259 1360 aliquid
1290 1276 1370 1340 certi

295 1386 454 1472 colligere.
495 1387 562 1452 Vix
595 1389 681 1453 enim
706 1389 810 1454 ullum
834 1389 941 1453 locum
964 1388 1110 1454 invenias
1132 1389 1189 1453 ubi
1209 1395 1371 1454 structura

294 1500 363 1585 ejus
386 1502 604 1568 trimetrorum
623 1503 663 1567 ab
676 1502 893 1587 Aristophane
908 1503 1146 1587 perstringatur
1158 1503 1222 1567 nisi
1234 1503 1370 1568 fortasse

294 1613 485 1700 Thesmoph,
523 1638 568 1680 vs.
597 1619 660 1680 913
686 1639 731 1702 sq.
752 1618 770 1680 ¹.
806 1616 870 1680 Hic
894 1623 1001 1681 autem
1029 1616 1110 1679 mihi
1134 1616 1370 1700 deprehendere

292 1727 402 1792 videor
426 1728 599 1812 satyricam
624 1729 842 1794 imitationem
861 1729 1042 1793 iamborum
1059 1728 1239 1793 solutorum
1252 1730 1369 1814 quibus

297 1839 470 1926 Euripides
495 1841 679 1928 frequenter
699 1844 811 1908 utitur.
839 1842 969 1908 Scilicet
996 1864 1096 1927 quum
1121 1864 1230 1908 versus
1247 1842 1370 1927 Sopho·

211 1987 227 2006 =
295 1952 382 2018 cleus
418 1955 498 2020 fluat
530 1979 611 2040 puro
641 1956 829 2021 simillimus
860 1956 968 2039 amni,
1000 1956 1114 2020 mixtis
1139 1957 1223 2021 iuter
1246 1957 1370 2020 iambos

296 2068 448 2151 spondeis
485 2069 618 2153 multis,
659 2069 715 2134 sed
748 2091 814 2133 non
839 2069 904 2133 nisi
925 2074 1018 2133 caute
1042 2075 1075 2132 et
1097 2090 1192 2152 parce
1215 2068 1367 2132 admissis

293 2181 429 2265 pedibus
464 2182 660 2266 trisyllabis,
697 2182 870 2266 Euripides
903 2181 1065 2246 aseveris
1089 2187 1219 2264 patrum
1242 2181 1370 2265 legibus

295 2294 353 2358 hac
386 2315 513 2380 quoque
530 2275 533 2278 ¹
549 2296 580 2359 in
618 2301 710 2380 parta
745 2296 824 2360 adeo
848 2295 981 2360 recessit
1004 2300 1052 2378 ut,
1079 2296 1113 2359 in
1138 2295 1370 2378 posterioribus

295 2407 411 2472 saltem
444 2407 563 2473 fabulis
579 2409 612 2491 ²,
640 2409 753 2475 Oreste
777 2409 946 2494 inprimis,
972 2389 1127 2493 permulti
1150 2407 1246 2490 pedes
1271 2405 1372 2470 trium

295 2519 492 2603 syllabarum
505 2523 722 2606 inveniantur,
745 2522 942 2606 tribrachyes
954 2531 977 2603 ³,
991 2521 1113 2605 dactyli
1128 2523 1151 2603 ⁴,
1169 2522 1335 2606 anapaesti
1348 2529 1369 2585 ⁵.

339 2633 412 2698 Non
448 2640 499 2700 est
533 2636 618 2721 quod
651 2637 806 2701 miremur
839 2637 921 2700 hanc
954 2633 1121 2718 Euripidis
1146 2633 1372 2699 libertatemne

296 2747 400 2813 dicam
435 2770 477 2812 an
508 2749 692 2832 licentiam,
728 2771 802 2814 cum
816 2766 865 2814 'ex
889 2748 1001 2813 eodem
1020 2747 1110 2812 fonte
1133 2747 1263 2811 fluxerit
1286 2747 1372 2810 unde

252 2939 256 2946 .
296 2860 440 2945 profecta
473 2869 568 2946 suut,
601 2863 717 2927 sinon
742 2863 870 2945 omnia,
896 2869 930 2926 at
952 2861 1104 2947 pleraque
1127 2867 1211 2925 certe
1234 2881 1315 2945 quae
1339 2861 1373 2923 in

297 2995 333 3037 eo
357 2974 547 3058 reprehendi
569 2980 707 3060 possunt
731 2981 764 3038 et
775 2975 874 3040 bilem
891 2980 1134 3039 commoverunt
1150 2972 1370 3058 Aristophani.

298 3087 470 3172 Euripides
495 3089 598 3170 enim,
623 3088 678 3173 qui
702 3090 810 3173 potius
835 3090 945 3174 quales
958 3095 1050 3153 erant
1062 3087 1258 3172 depingebat
1269 3087 1373 3151 homi·
1469 3087 1474 3098 ’

201 3228 203 3232 ’
297 3224 354 3266 nes
379 3222 476 3286 quam
499 3203 588 3276 cloec
610 3198 668 3273 δεῖ,
690 3209 723 3265 et
746 3203 802 3286 qul
825 3207 919 3267 οἰκεῖα
940 3203 1107 3288 πράγματα
1130 3203 1308 3285 εἶςήγαγεν,
1324 3201 1374 3273 οἷς

298 3312 446 3400 χρώμεθ’,
468 3314 518 3388 οἷς
540 3309 727 3395 ἔΰνεσμενθ,
749 3313 783 3377 in
817 3313 922 3377 verbis
946 3326 1072 3397 quoque
1096 3311 1138 3374 ad
1161 3311 1262 3374 vitam
1285 3332 1373 3374 oom-

298 3449 430 3493 munem
454 3429 585 3514 propius
610 3428 758 3494 accedere
783 3426 917 3492 studuit.
947 3425 1040 3504 Quod
1061 3431 1219 3509 quantum
1238 3423 1374 3488 fortasse

299 3540 423 3606 confert
468 3540 509 3606 ad
542 3549 686 3605 exactam
730 3547 864 3605 naturae
908 3536 1143 3617 imitationem,
1183 3537 1373 3600 tantundem

331 3765 337 3795 ¹
356 3765 397 3814 De
413 3764 528 3814 hocloco
542 3772 658 3828 corrupto
674 3764 723 3814 vid.
739 3764 804 3813 infra
820 3765 847 3812 in
863 3763 974 3826 catalogo
991 3762 1146 3825 parodiarum
1163 3775 1219 3824 pag.
1241 3761 1293 3808 144.
1351 3761 1355 3766 '

330 3853 341 3884 ²
358 3855 419 3904 Port
435 3853 609 3918 Olympiadem
625 3853 776 3903 LXXXIX.

333 3943 343 3975 ³
360 3940 389 3993 E.
408 3959 432 4008 g.
449 3944 532 3994 Orest.
548 3959 584 3993 vs.
602 3944 662 3994 643:

528 4038 544 4084 ἃ
562 4034 582 4084 δ’
599 4035 690 4096 ἔλαβες
708 4033 818 4094 duodus,
839 4034 935 4096 πατρὸς
952 4032 1012 4096 ἐμοῦ
1029 4029 1120 4091 λαβὼν
1136 4029 1213 4092 πάρα.

335 4126 344 4158 ⁴
362 4126 390 4174 E.
409 4140 432 4188 g.
450 4124 532 4174 Orest.
549 4139 586 4174 vs.
603 4125 649 4174 25:

526 4215 542 4275 ἢ
560 4222 636 4265 πόσιν
652 4215 748 4278 ἀπείρῳ
766 4210 929 4276 περιβαλοῦσ’
948 4209 1081 4275 ὑφάσματι.

334 4310 344 4340 ·
361 4308 401 4357 ne
425 4301 563 4370 anapaestis
590 4305 733 4369 Euripides
758 4293 808 4354 via
826 4303 857 4354 o.
879 4303 968 4351 Herm.
983 4299 1046 4364 pror.
1062 4301 1093 4348 ao
1110 4299 1238 4349 flauam
1255 4304 1279 4346 u
1296 4295 1381 4345 niem.

305 4399 391 4447 Doctr.
408 4399 482 4446 Matr.
499 4409 557 4459 pag.
576 4395 622 4444 119
639 4409 692 4459 sqq.

336 4487 345 4519 ⁶
363 4489 455 4537 Ronar.
472 4502 508 4534 vs.
524 4488 580 4537 9⁵9.
