3216 5154
812 405 851 466 lo

300 589 354 654 bet
376 587 639 673 philosophorum
662 586 701 650 de
724 586 774 650 his
796 586 1160 672 rebusdisoeptatioues.
1195 588 1278 668 Quia
1290 611 1364 654 vero

299 703 438 788 soeptiea
472 705 662 786 argumenta
697 699 841 764 refellere
873 721 938 764 non
972 700 1119 783 valebat,
1162 702 1362 788 philosophis

299 815 525 897 succensebat,
551 818 584 877 et
606 812 802 877 comoediam
828 813 1010 897 composuit
1034 813 1161 896 Nubes,
1178 821 1216 879 ut
1230 815 1363 880 ridendo

298 927 445 1013 perderet
466 925 682 1009 sophistarum
709 945 826 988 novam
850 930 1000 1009 gentem,
1023 925 1121 1009 probe
1142 926 1203 990 sibi
1217 928 1363 993 conscius

299 1044 420 1125 quanta
448 1037 497 1102 vis
528 1037 572 1101 sit
601 1036 770 1101 derisionis
803 1037 844 1101 ad
870 1037 1096 1122 opprimendas
1120 1060 1172 1102 eas
1194 1039 1362 1124 opiniones

298 1175 377 1239 quas
401 1151 512 1217 solidis
534 1149 713 1215 rationibus
737 1150 924 1235 redarguere
946 1149 1077 1216 difficile
1100 1152 1152 1216 sit.

344 1267 383 1330 In
417 1265 477 1329 hac
511 1263 611 1349 igitur
641 1262 752 1328 fabula
787 1263 952 1346 SocrateS,
983 1264 1073 1349 eujus
1097 1264 1228 1330 nomine
1251 1286 1362 1330 omnes

299 1377 438 1444 asseclae
461 1375 684 1461 philosophiae
707 1375 844 1440 recentis
869 1375 1034 1461 agitantur
1051 1383 1073 1458 ¹,
1099 1375 1290 1441 describitur
1312 1378 1361 1442 di-

299 1492 392 1558 sertis
406 1490 510 1557 verbis
522 1495 559 1554 nt
573 1490 705 1554 deorum
714 1496 901 1554 contemtor.
933 1489 1149 1575 Quaecunque
1163 1491 1277 1554 veroin
1288 1513 1362 1556 enm

298 1605 467 1685 dicuntur,
487 1602 608 1667 cadunt
624 1601 722 1666 etiam
735 1601 767 1665 in
782 1600 973 1686 Euripidem
982 1609 1007 1685 2,
1020 1607 1209 1683 sectatorem
1223 1603 1362 1669 Socratis

298 1741 393 1805 quem
415 1718 467 1782 hio
489 1716 627 1781 habebat
647 1715 682 1779 in
704 1716 815 1801 paucis
841 1737 962 1798 aarum,
985 1716 1033 1781 ita
1053 1723 1091 1781 ut
1113 1717 1234 1781 feratur
1245 1715 1363 1782 adiisse

298 1834 459 1900 theatrum
479 1832 603 1917 quoties
627 1829 798 1914 Euripides
810 1850 893 1893 nova
905 1831 1070 1914 tragoedia
1082 1836 1228 1913 certaret,
1239 1828 1360 1913 alioqui

297 1967 409 2011 scenae
428 1943 615 2011 fastidiosus
631 1953 663 2020 ³3
687 1942 766 2027 quin
789 1941 979 2026 Euripidem
1002 1943 1037 2006 in
1060 1943 1257 2009 carminibus
1278 1963 1360 2027 pan·
1457 1989 1459 1994 -

296 2058 425 2146 geudis'
444 2080 463 2122 a
485 2057 614 2122 Socrate
634 2054 782 2139 adjutum
807 2054 907 2119 fuisse
929 2054 1071 2120 innuunt
1095 2077 1205 2121 versus
1229 2055 1360 2141 quidem

297 2170 464 2237 Teleelidis
487 2174 508 2232 ⁴.
555 2167 696 2232 Etiamsi
734 2166 834 2251 igitur
872 2188 936 2231 non
972 2168 1166 2233 nominatim
1200 2174 1362 2253 peteretur

329 2429 410 2478 ιΗοο
434 2429 534 2478 omuino
559 2428 692 2476 tenendum
716 2427 738 2474 ai
762 2427 817 2489 quis
842 2434 908 2475 recte
930 2427 990 2482 velit
1005 2426 1146 2489 intelligere
1162 2425 1231 2474 illam
1249 2426 1362 2474 festivam

294 2519 445 2568 comoediam
470 2519 512 2566 sed
536 2517 562 2564 in
587 2517 715 2566 Socratem
739 2516 811 2564 valde
837 2515 954 2580 iniquam.
986 2516 1043 2576 Quo
1069 2524 1181 2578 tempore
1205 2515 1290 2564 Nubes
1305 2523 1362 2563 aunt

294 2617 376 2667 actae,
400 2608 511 2658 Socrates
530 2607 575 2656 vix
591 2607 730 2654 innotuerat
747 2605 910 2667 Aristophani
927 2605 974 2654 uisi
990 2620 1023 2654 ex
1039 2605 1121 2668 populi
1140 2619 1265 2662 sermone,
1282 2604 1361 2654 multa

294 2699 325 2747 de
349 2697 399 2746 viri
421 2696 531 2744 moribus
555 2710 583 2744 ae
607 2695 694 2746 studiis
720 2693 923 2752 circumferente,
948 2695 1031 2758 inepta
1047 2695 1192 2760 plerumque
1208 2703 1233 2744 et
1249 2695 1361 2754 mirifica,

293 2787 396 2851 ideoque
420 2786 509 2835 risibus
534 2794 617 2848 aptam
640 2785 784 2849 praebentia
808 2785 936 2834 materiem
967 2785 1025 2848 (vd-
1042 2785 1106 2834 Nub.
1129 2787 1178 2836 362
1203 2787 1257 2848 sq.);
1282 2799 1362 2848 neque

293 2876 371 2939 igitur
398 2875 505 2924 comicus
535 2875 598 2923 seire
628 2881 725 2937 poterat
748 2880 839 2937 quanto
863 2874 994 2924 intervallo
1024 2875 1147 2937 sophistae
1172 2881 1197 2923 et
1222 2888 1296 2923 verae
1322 2874 1362 2922 hic

293 2965 428 3028 sapientiae
445 2973 550 3014 sectator
567 2980 582 3012 a
598 2978 623 3012 se
639 2964 747 3012 invicem
764 2964 888 3014 distarent.
916 2964 977 3013 Alia
990 2965 1085 3013 rationo
1094 2964 1213 3027 explicari
1220 2965 1307 3027 nequit
1316 2977 1361 3012 our

294 3055 359 3102 dicat
382 3053 504 3113 comicus,
529 3054 657 3104 Socratem
672 3053 845 3117 praesentibus
862 3042 971 3101 nummis
985 3054 1071 3102 docere
1088 3054 1261 3102 veteratoriam
1278 3052 1361 3101 facun-

293 3143 359 3192 diam
376 3143 451 3206 (Nub.
467 3145 500 3202 98
516 3158 559 3206 sq„
575 3145 606 3191 ad
622 3156 697 3206 quem
712 3143 795 3191 locum
811 3156 871 3191 vora
887 3143 1009 3206 quaedam
1026 3143 1140 3192 observat
1147 3142 1299 3205 scholiaste);
1318 3148 1361 3190 aut

292 3247 336 3281 cur
359 3217 410 3280 tam
428 3217 523 3280 multus
536 3231 567 3280 sit
583 3231 608 3279 in
625 3231 764 3280 deridendis
781 3231 868 3279 studiis
885 3232 1084 3295 meteorologieis
1101 3241 1126 3280 et
1143 3231 1258 3296 physicis,
1275 3231 1361 3295 quibus

293 3321 406 3371 Socrates
422 3320 499 3369 multo
516 3320 638 3370 minorem
654 3334 754 3382 operam
771 3318 839 3368 dedit
856 3334 928 3383 quam
945 3321 1111 3384 Anaxagoras
1128 3321 1228 3385 aliique.

325 3410 395 3459 Haec
418 3409 527 3458 breviter
550 3416 575 3458 et
599 3409 626 3458 in
651 3409 755 3458 mansitu
778 3409 901 3469 nutavisse
918 3410 1033 3459 sufficiat.
1057 3412 1181 3461 ·Perbene
1197 3427 1252 3462 meo
1265 3412 1361 3476 judicio

293 3499 403 3548 Koclrius
419 3513 471 3548 rem
488 3499 603 3562 exposuit
618 3499 645 3547 in
661 3497 842 3562 prolegomenis
859 3500 890 3547 ad
907 3514 978 3548 auam
994 3499 1106 3549 Nubinm
1122 3501 1265 3551 editionem.

325 3588 490 3639 ’Bernhard
514 3588 540 3636 ll.
565 3603 622 3652 pag.
647 3586 696 3638 lot
721 3589 791 3638 infu:
820 3589 892 3639 “ihre
915 3591 1031 3652 (Socratis
1048 3600 1073 3640 et
1089 3592 1226 3656 Euripidis)
1244 3593 1360 3644 Gemein·

292 3678 371 3728 schaft
395 3679 428 3727 ist
452 3677 492 3726 die
516 3678 721 3742 Voraussetaung
746 3679 786 3727 fiir
811 3681 859 3728 den
883 3694 980 3743 gamen
1003 3682 1060 3730 Bau
1085 3683 1128 3730 der
1144 3683 1242 3742 Nubes,
1259 3698 1299 3731 wo
1315 3682 1363 3731 mit-

292 3767 496 3816 kiiustleriechem
521 3765 593 3817 Geist
619 3782 662 3816 aus
687 3767 777 3817 beiden
801 3768 961 3830 Iudiriduen,
988 3768 1102 3820 Socrates
1132 3771 1190 3820 dem
1207 3769 1360 3834 practischen

293 3858 430 3922 Sprecher,
454 3857 586 3919 Euripides
611 3859 667 3906 dem
692 3858 824 3907 Vertreter
848 3861 891 3907 des
916 3859 1029 3921 Dogmas
1054 3861 1104 3908 und
1120 3862 1164 3909 der
1181 3859 1299 3919 Theonis,
1315 3861 1359 3908 das

292 3947 350 3996 Biid
371 3947 440 3996 einer
456 3947 601 3996 schlimmen
618 3947 810 3998 Afterweisheit
826 3949 935 4012 geformt
951 3949 1037 3998 wird.”
1070 3949 1110 4001 of.
1127 3951 1202 3999 etiam
1218 3966 1277 4014 pag.
1295 3952 1354 4002 647.

324 4032 452 4088 ³Aelian'.
477 4039 541 4087 Ver.
565 4040 599 4088 Η.
623 4039 666 4088 II:
692 4040 734 4088 13:
756 4039 811 4088 ὸδὲ
831 4041 962 4103 Σωκράτης
980 4038 1091 4089 σπάνιον
1107 4041 1153 4103 μὲν
1170 4034 1289 4105 ἐπεφόίτα
1305 4043 1359 4096 τοῖς

292 4127 417 4192 θεάτροις,
439 4129 522 4177 εἴποτε
542 4127 566 4177 δὲ
584 4128 721 4192 Εὐριπίδης
739 4128 752 4177 ὁ
770 4133 815 4188 τῆς
833 4127 972 4193 τραγῳδίας
990 4129 1095 4189 ποιητὴς
1111 4129 1249 4194 ἠγωνίζετο
1262 4133 1358 4184 καινοῖς

292 4218 441 4284 τραγῳδοῖς,
459 4219 514 4269 τότε
531 4238 558 4284 γε
575 4219 710 4284 ἀφικνεῖτο.
743 4219 784 4268 De
799 4218 882 4268 verbis
898 4232 961 4281 quae
978 4223 1115 4280 sequuntur
1132 4217 1310 4267 obscurioribus
1318 4215 1345 4264 ef
1347 4249 1353 4262 .

292 4309 414 4360 Valckeu.
430 4310 514 4360 Diatr.
531 4310 594 4359 Eur.
611 4324 663 4373 cap.
681 4310 698 4358 2
713 4324 771 4372 pag.
790 4310 829 4357 14.

325 4401 334 4430 ⁴
424 4399 586 4463 Μνησίλοχός
603 4399 652 4448 ἐστ’
670 4400 776 4460 ἐκεῖνος,
793 4399 822 4456 ὃς
839 4396 925 4462 φρύγει
941 4415 965 4446 τι
981 4395 1063 4460 δρᾶμα
1080 4397 1168 4444 καινὸν
