3222 5170
750 400 810 461 117

241 572 357 648 Habet
383 582 472 648 enim
503 583 612 648 nescio
644 583 722 668 quid
745 582 943 668 voluptatis,
969 583 998 648 si
1021 583 1102 648 serio
1125 582 1212 648 dicta
1240 604 1316 648 cons

240 698 410 760 vertuntur
442 694 477 758 in
502 715 633 760 sensum
659 693 841 777 ludicrum,
866 694 1139 780 quemadmodum
1163 694 1316 761 delectari

240 806 381 872 solemus
420 813 535 874 notum
573 809 602 874 si
636 807 755 873 callida
787 807 922 873 verbum
957 807 1135 874 reddiderit
1162 808 1317 894 junctura

239 940 361 984 novum
379 919 399 983 ¹.
437 918 531 998 Quod
554 925 665 985 autem
689 918 881 1005 Euripidem
904 918 1001 1006 longe
1025 919 1153 1004 saepius
1178 918 1314 1006 παρῳδεῖ

239 1033 380 1099 comicus
412 1054 510 1119 quam
540 1033 681 1119 reliquos
714 1038 848 1099 cunctos
871 1038 983 1117 poetas
995 1080 1004 1114 ‚
1029 1031 1062 1096 id
1089 1031 1226 1099 fortasse
1249 1055 1313 1098 uon

240 1145 312 1211 ideo
336 1147 442 1232 magis
464 1146 543 1212 fecit
565 1146 653 1232 quod
677 1168 752 1212 eum
774 1165 852 1231 prae
874 1142 1007 1230 reliquis
1031 1144 1158 1210 ridendi
1185 1145 1312 1230 copiam

240 1258 315 1324 dare
344 1265 505 1343 censeret,
542 1281 640 1344 quam
664 1259 751 1345 quod
774 1257 843 1343 ejus
866 1258 1014 1323 dramata
1037 1257 1184 1324 omnium
1207 1259 1313 1325 multo

240 1378 349 1437 essent
371 1371 561 1456 notissima,
586 1377 624 1437 ut
647 1371 801 1457 quicquid
824 1371 866 1436 ad
889 1393 926 1435 ea
949 1370 1147 1436 alluderetur
1159 1371 1314 1438 facillime

240 1488 351 1570 posset
373 1483 516 1570 intelligi
527 1485 552 1549 ³.
579 1485 625 1549 Et
647 1484 707 1549 hac
731 1483 865 1569 quidem'
884 1483 919 1548 iu
942 1505 991 1566 re,
1018 1482 1047 1548 si
1066 1506 1203 1569 usquam
1224 1484 1314 1568 alibi,

241 1596 382 1661 admiror
398 1598 610 1684 sagacitatem
633 1605 812 1683 natumque
836 1596 877 1662 ad
899 1595 1011 1661 literas
1028 1595 1198 1682 ingenium
1209 1598 1315 1663 homi-

241 1730 321 1774 num
343 1708 569 1788 Atticorum³;
594 1715 633 1776 ut
655 1709 742 1774 enim
766 1713 835 1774 tam
858 1708 987 1774 crebrae
1010 1731 1161 1774 versuum
1175 1711 1315 1796 tragico-

241 1842 314 1886 rum
337 1821 537 1888 imitationes
561 1823 741 1909 placerent,
766 1811 1314 1908 necesseeratnouminusspecta-

242 1940 350 2000 torum
369 1957 466 2021 quarn
489 1935 592 2023 ipsius
615 1941 729 2021 poetae
752 1935 867 2000 comici
890 1935 1007 2000 animd'
1022 1936 1268 2001 obversarentur
1280 1958 1317 2001 ea

241 2047 313 2114 loca
332 2069 427 2134 saepe
447 2048 503 2114 vix
523 2049 682 2114 notabilia
702 2054 735 2113 et
749 2047 897 2113 difficilia
917 2047 1316 2133 agnitu3'namneloquar

242 2161 282 2226 de
293 2163 433 2228 mustela
445 2185 462 2228 e
472 2162 624 2229 fluctibus
636 2169 838 2248 emergente,
852 2184 934 2247 quae
946 2167 1054 2227 tantos
1071 2161 1175 2227 movit
1184 2161 1314 2228 cachin-

204 2355 206 2359 ,
242 2296 301 2340 nos
316 2273 346 2358 ⁴,
370 2275 422 2340 vel
453 2277 493 2342 de
514 2275 628 2361 lingua
652 2275 826 2361 Hippolyti
845 2274 977 2359 jurante
999 2272 1061 2360 ἰδίᾳ
1081 2286 1136 2352 τῆς
1158 2279 1273 2364 φρενός
1287 2278 1314 2354 ⁵,

243 2386 352 2473 qualia
382 2409 528 2452 sermone
560 2384 674 2472 populi
701 2394 829 2471 recepta
855 2386 1002 2453 abierant
1026 2387 1060 2451 in
1087 2387 1317 2473 proverbium⁶

243 2501 429 2587 neminique
452 2495 527 2588 ergo
543 2501 657 2588 ignota
679 2524 749 2567 esse
763 2508 931 2588 poterant,
949 2540 993 2550 —
1005 2508 1041 2567 at
1052 2501 1223 2587 permultis
1236 2502 1315 2568 locis

243 2613 490 2698 Aristophaueis
523 2637 634 2680 versus
661 2615 829 2699 Euripidis
852 2621 1032 2701 tanguntur
1052 2614 1135 2679 nihil
1154 2613 1316 2700 peculiare

244 2727 401 2793 habentes
421 2749 485 2813 quo
506 2729 674 2793 haererent
684 2727 888 2793 audientium
900 2728 1082 2793 memoriae.
1109 2727 1144 2794 Si
1155 2749 1227 2792 cum
1241 2727 1314 2793 istis

244 2847 312 2905 tam
344 2847 513 2906 emunctae
538 2840 625 2906 naris
642 2840 876 2926 spectatoribus
897 2862 1120 2926 comparamus
1144 2841 1315 2906 hodiernos

244 2952 412 3036 homines,
434 2959 584 3018 nostrum
601 2952 766 3018 saeculum
785 2953 942 3038 pristinae
961 2952 1061 3019 aetati
1082 2954 1201 3018 mirum
1214 2974 1317 3038 quan-

245 3074 316 3131 tum
352 3066 461 3131 cedere
494 3066 664 3133 fatendum
693 3073 751 3132 est
774 3067 849 3131 Nou
877 3073 962 3133 stare
990 3077 1100 3152 posset
1119 3067 1230 3133 fabula
1253 3086 1316 3151 quo

244 3179 385 3245 vivimus
397 3185 540 3265 tempore
553 3180 588 3244 in
600 3201 664 3266 qua
675 3185 725 3245 tot
732 3179 798 3265 joci
811 3180 929 3246 eruditi
937 3186 1136 3247 occurrerent
1143 3209 1152 3260 ;
1165 3179 1315 3266 aequales

245 3292 349 3373 nostri
372 3299 410 3358 ut
432 3292 559 3358 rideant
579 3291 801 3378 plauduntque
824 3292 922 3378 plane
933 3293 1013 3359 alios
1033 3277 1116 3366 sales
1135 3293 1312 3380 postulant.
1350 3291 1352 3296 ’

684 3499 875 3515 mm

267 3635 269 3640 ’
292 3631 356 3698 Sed
378 3631 457 3697 haec
478 3631 643 3698 hacteuus.
670 3632 755 3698 Loca
770 3632 963 3717 Euripidae,
981 3654 1064 3717 quae
1080 3631 1315 3716 Aristophanes

280 3915 287 3946 ¹
305 3917 393 3965 Horat.
410 3917 441 3964 ad
458 3914 560 3964 Pisones
577 3930 614 3966 vs.
631 3917 670 3968 47.

279 4003 289 4036 ²
305 4004 345 4056 cf.
361 4005 425 4055 Rau.
442 4019 479 4056 vs.
499 4006 561 4056 1109
577 4019 629 4069 sqq.

279 4094 346 4148 ³01.
362 4096 499 4146 Bemhard.
517 4096 533 4146 l.
549 4096 566 4146 1.
583 4111 639 4159 pag.
659 4097 705 4148 127
725 4101 749 4144 ct
765 4096 814 4146 600
831 4109 866 4158 sq.

279 4182 290 4216 ⁴
308 4183 388 4236 Oresa.
405 4199 440 4236 vs.
457 4186 520 4245 279,
536 4185 599 4235 Rau.
620 4199 654 4235 vs.
672 4185 728 4234 304.

279 4272 289 4304 ⁶
307 4272 383 4336 Hipp.
402 4288 437 4322 vs.
453 4274 515 4332 612,
531 4272 684 4336 Thesmoph.
700 4287 735 4320 vs.
751 4273 812 4332 276,
829 4273 893 4322 Rau.
911 4286 946 4320 vs.
966 4271 1013 4320 102
1029 4280 1054 4319 et
1070 4271 1140 4322 1471.

280 4360 367 4411 ‘Via
385 4377 399 4412 e
425 4377 449 4426 g.
467 4363 575 4414 Socratis
591 4362 616 4412 iu
635 4363 746 4413 Platonis
763 4362 885 4414 convivio
902 4361 979 4412 verbs
995 4376 1050 4426 pag.
1071 4362 1165 4412 raah:
1184 4361 1199 4421 ὴ
1215 4362 1317 4426 γλῶττα·

249 4454 294 4502 οὖν
311 4452 444 4516 ὑπέσχετο,
462 4452 478 4513 ἡ
496 4453 520 4503 δὲ
538 4454 604 4518 φρὴν
620 4453 657 4503 οὗ.
