3222 5170
672 383 819 495 ''92

189 618 192 624 -
264 597 328 641 non
360 594 479 660 paucos
507 572 606 638 etiam
632 572 779 638 mendico
807 572 938 638 indutos
967 574 1108 656 amictu,
1132 577 1170 642 ut
1198 574 1338 639 eundem
1398 567 1402 578 '

263 708 359 774 quem
383 685 479 751 modo
504 686 671 751 nominavi
694 686 873 772 Telephum
880 712 889 765 3
915 686 1002 752 hunc
1026 708 1135 752 revera
1163 687 1211 752 its
1236 686 1337 753 fuisse

263 802 456 867 adornatum
489 798 581 864 utin
608 798 868 864 Acharnensium
894 798 965 864 loco
987 799 1221 865 festivissim0¹
1247 800 1336 866 vide-

261 1125 362 1174 domum
380 1123 496 1185 deorum,
514 1091 703 1176 substitueretur
721 1125 866 1194 sourshsens
884 1123 1052 1189 σκατοφάγος.
1072 1121 1160 1172 Multis
1177 1123 1253 1172 stium
1277 1123 1335 1174 locis

261 1214 392 1278 Trygseus
409 1214 608 1278 Bellerophontis
625 1214 702 1264 verbs
717 1212 835 1278 παρῳδεῖ.
868 1211 916 1262 Vs.
935 1213 981 1261 llo
998 1226 1050 1276 sqq.
1066 1212 1114 1262 hoc
1129 1212 1252 1276 legimus:

518 1304 596 1353 ἐκεῖνα
613 1303 692 1368 τήρει,
709 1303 744 1367 μή
761 1302 864 1366 σφαλείς
880 1303 1023 1366 καταρρυῇς

520 1398 646 1461 ἐντεῦθεν,
662 1401 715 1448 εἶτα
731 1397 815 1462 χωλὸς
831 1397 868 1446 ὢν
885 1396 1009 1463 Εὐριπίδῃ

517 1488 596 1553 λόγον
613 1488 753 1552 παράσχῃς
771 1487 814 1537 καί
831 1485 959 1552 τραγῳδία
977 1485 1045 1553 γένρ.

295 1577 303 1610 ¹
320 1578 440 1644 Lepidum
456 1579 520 1628 hane
534 1578 680 1642 particulam
691 1576 830 1626 comoediae
839 1577 1006 1639 Aristophane
1015 1575 1176 1640 dignissimae
1186 1576 1335 1642 subjungere

257 1669 340 1732 juvet.
377 1668 547 1733 Dicseopolis‚
562 1667 624 1718 civis
641 1666 817 1725 Atheniensis,
835 1673 978 1730 postquam,
993 1665 1053 1715 belli
1064 1675 1204 1732 pertaesus,
1215 1667 1333 1730 privatim

260 1771 346 1822 pscem
362 1771 419 1807 cum
435 1756 637 1808 Lacedaemoniis
653 1755 719 1814 iniit,
737 1756 828 1819 repetit
843 1769 915 1804 suum
932 1754 1050 1815 fundum
1068 1754 1104 1804 ihi
1121 1769 1180 1805 vero
1198 1755 1285 1805 incidit
1307 1756 1333 1803 in

260 1847 390 1897 bellicosos
407 1846 531 1911 δημότας.
548 1846 593 1910 qui
608 1844 631 1895 ei
649 1852 757 1894 mortem
773 1845 901 1893 minentur
918 1845 983 1907 quod
1000 1857 1056 1892 cum
1072 1834 1182 1893 hostibus
1198 1853 1284 1907 peetus
1295 1845 1334 1895 sit.

261 1935 291 1984 In
315 1948 414 1984 sumum
434 1935 543 1998 periculo
565 1949 610 1998 pro
625 1949 653 1984 se
668 1935 793 1994 dicturus,
809 1935 878 1997 prius
898 1934 950 1983 udit
966 1933 1113 1996 Euripidem
1131 1933 1179 1996 (vs.
1196 1935 1246 1986 394
1261 1935 1333 1998 sqq.)‚

260 2038 340 2088 sqno
355 2023 402 2072 sibi
417 2023 515 2088 flagitet
531 2024 650 2075 vestitum
667 2023 820 2073 miserationi
836 2025 972 2074 movendus
991 2037 1064 2086 quum
1085 2023 1195 2073 maxime
1215 2024 1332 2074 idoneum

261 2114 307 2176 (vs.
326 2116 375 2164 410
392 2116 468 2178 sqq.):

292 2203 352 2258 Dis.
385 2201 531 2267 Euripides!

293 2292 357 2340 Βία.
384 2290 451 2352 Quid
467 2291 573 2340 clsmss?

292 2383 351 2430 Βία.
385 2381 552 2432 Sublimisne*
577 2381 663 2430 drsms
678 2380 815 2444 componis,
839 2395 896 2429 cnm
917 2381 990 2430 licent
1009 2382 1036 2430 iu
1053 2382 1131 2432 solido
1152 2382 1242 2432 fundo?
1274 2384 1332 2434 Non

259 2471 350 2521 mirum
366 2470 467 2519 claudos
484 2477 509 2518 te
525 2469 606 2518 fucere
622 2469 727 2518 heroes!
762 2468 814 2520 Gur
832 2483 891 2518 vero
904 2468 983 2526 ,habes
999 2485 1093 2533 pennos
1114 2470 1236 2534 tragicos,
1258 2473 1329 2522 mise·

258 2558 348 2609 rebiles
370 2566 462 2618 vestes,
476 2557 552 2620 juxte
568 2566 592 2607 te
604 2557 733 2620 jacentes?
765 2559 823 2608 Non
843 2558 933 2607 mirum
950 2560 1075 2608 mendicos
1092 2567 1117 2608 te
1133 2559 1214 2611 secere
1231 2561 1330 2611 herous!

258 2649 297 2696 At
312 2661 356 2710 per
371 2656 415 2695 tus
430 2661 513 2710 genus
528 2654 553 2695 te
569 2647 677 2696 obtestor
693 2647 839 2710 Euripides,
856 2648 888 2694 ds
903 2647 965 2696 mihi
981 2663 1091 2712 pennum
1108 2663 1122 2697 e
1143 2649 1222 2698 veteri
1240 2649 1331 2699 fabule,

258 2736 325 2784 Num
341 2737 371 2785 sd
387 2737 488 2785 chorum
507 2736 570 2785 mihi
585 2736 663 2800 longe
678 2746 717 2786 est
733 2737 813 2786 oratio
830 2736 955 2796 habenda,
973 2719 1057 2801 'poene
1074 2752 1135 2789 vero
1151 2754 1201 2788 non
1218 2740 1330 2802 prohabi-

257 2824 315 2874 litcr
330 2826 421 2875 dicenti
437 2825 571 2875 constitute
588 2835 625 2874 est
641 2840 716 2875 mors.
804 2876 806 2880 ,

292 2915 356 2968 Βία.
384 2916 411 2966 Si
427 2915 496 2979 cupis
513 2914 605 2979 aliquid
622 2914 691 2962 scissi
708 2922 736 2964 et
743 2914 848 2974 sordidi,
866 2915 935 2963 sisne
953 2916 1069 2966 amictum
1080 2931 1130 2980 quo
1138 2917 1245 2979 Oeneus,
1254 2899 1332 2968 senex

148 3003 153 3014 '
257 3004 435 3062 infortunatus,
452 3011 505 3054 erut
521 3005 637 3053 indutus?

291 3095 350 3143 Ide.
383 3095 441 3145 Non
458 3094 549 3151 Oenei,
564 3096 608 3143 sed
625 3094 702 3143 etism
718 3095 860 3144 miserioris.

291 3183 356 3232 Βία.
384 3182 459 3233 Oeeei
475 3183 606 3232 Phoenicis
625 3183 719 3246 igitur?

291 3271 351 3321 Βία.
385 3272 439 3322 Nec
455 3271 598 3330 Phoenicis,
615 3272 659 3321 sed
674 3272 738 3326 clius
754 3281 805 3332 est,
822 3273 948 3328 Phoeniee
963 3275 1083 3326 miserior.

291 3360 356 3409 Βία.
382 3360 451 3420 Ques
467 3361 566 3409 tandem
583 3361 669 3409 sordes
685 3361 760 3411 homo
775 3362 900 3424 postulet?
918 3361 1022 3412 Dicisne
1039 3377 1080 3412 ess
1096 3380 1157 3429 quus
1173 3365 1251 3428 gessit
1270 3367 1328 3416 Phi-

258 3450 362 3501 loetetes
378 3448 521 3498 mendicus?
591 3473 593 3477 ·

292 3541 351 3589 Dic.
384 3539 465 3588 Immo
480 3539 527 3588 hoc
543 3540 618 3604 longe
634 3541 779 3604 egentioris.

291 3632 357 3681 Eur.
383 3631 462 3680 Visne
477 3645 538 3694 ergo
554 3631 678 3694 squalores
699 3632 788 3696 quibus
804 3631 907 3682 claudus
924 3631 1091 3697 Bellerophon
1107 3643 1162 3684 eret
1177 3639 1271 3684 tectus?

291 3722 351 3770 Βία.
383 3721 441 3770 Non
466 3719 540 3770 saciet
555 3719 734 3785 Bellerophon,
752 3722 799 3771 etsi
815 3723 857 3772 ille
874 3737 971 3787 quoque
991 3734 1045 3774 erst
1065 3726 1178 3786 claudus,
1195 3725 1329 3784 mendicus,

258 3810 359 3873 loquax,
376 3809 513 3857 indefessus
529 3818 621 3859 erutor.
817 3816 821 3820 ’

292 3899 358 3947 Βία.
385 3897 473 3947 Habeo
489 3898 572 3953 virum
588 3913 637 3964 quo
654 3900 764 3964 indiges,
781 3901 884 3966 Mysum
900 3902 1049 3966 Telephum.

292 3989 351 4037 Die.
383 3989 442 4038 Acu
457 3987 571 4052 tetigisti:
589 3990 694 4052 Telephi
711 4004 801 4054 quscso
817 3991 850 4039 ds
865 3992 926 4040 mihi
944 3993 1025 4042 luceru
1041 3995 1161 4057 tegmina.

292 4079 357 4130 Bur.
383 4078 463 4136 Puer,
481 4078 512 4126 du
527 4078 565 4128 illi
580 4079 687 4144 Telephi
702 4094 809 4143 pennos3
823 4079 908 4142 jacent
923 4091 1006 4132 sutem
1023 4099 1097 4146 supra
1107 4084 1253 4148 Thyesteos,
1262 4084 1328 4134 inter

258 4180 377 4231 eosquos
393 4169 469 4230 gessit
485 4169 540 4218 Ino.
561 4195 589 4204 -
605 4169 646 4217 En
662 4169 753 4233 accipe.
846 4199 852 4216 t

293 4259 352 4308 Βία.
387 4257 409 4308 Ο
425 4257 526 4321 Jupiter
542 4259 693 4318 omnituens,
711 4261 746 4309 its
761 4261 799 4310 fue
816 4264 928 4322 udornsr,
946 4271 974 4313 ut
991 4280 1063 4328 quem
1074 4264 1226 4314 miserrimus
1235 4264 1327 4312 videar.

260 4348 403 4413 Euripides,
419 4350 532 4412 quonium
549 4348 667 4398 haetenus
685 4351 746 4399 mihi
763 4353 926 4417 morigeratus
942 4369 981 4412 es,
995 4369 1026 4403 ne
1036 4355 1138 4404 muncia
1148 4361 1193 4402 tue
1204 4353 1328 4414 relinques

284 4460 296 4482 ⁴
309 4464 340 4501 Dc
352 4464 392 4502 hoo
403 4474 465 4502 versu
477 4465 525 4510 quid
537 4465 625 4503 sentium
638 4467 718 4504 ostendi
731 4476 792 4513 supra
805 4477 852 4514 pun.
867 4468 903 4514 56,
916 4469 964 4506 sdn.
978 4467 997 4506 1.
