3222 5170
274 608 357 672 lbld.
378 626 420 667 vs·
445 611 534 667 1326:

351 761 352 764 ,
393 703 504 790 ἄνεχε,
527 703 656 788 πάρεχε·

273 796 438 857 Scholiasta
459 801 598 868 annotat,
621 795 710 872 vulgo
731 795 803 855 haec
824 791 914 855 verba
936 796 1037 856 referri
1059 795 1171 855 odilla
1193 795 1315 858 (lassan-

231 891 301 952 drae
321 892 420 952 furoie
441 897 592 969 correptae
613 891 645 950 in
667 890 771 950 Troasi
794 894 849 963 (vs.
873 895 931 951 308
953 893 1027 970 sq.):

396 988 502 1076 ἄνεχε,
525 988 660 1075 πάρεχε,

395 1091 464 1169 φῶς
485 1088 583 1171 φέρω,
605 1079 707 1168 σέβω,
731 1081 848 1168 φλὲγω·

232 1177 289 1238 Sed
320 1196 354 1238 ex
383 1196 452 1238 vcro
483 1177 580 1252 addit,
613 1176 763 1237 Troadum
794 1177 926 1238 fabulam
957 1177 1084 1256 septimo
1106 1176 1226 1237 demum
1247 1182 1314 1254 post

231 1273 344 1352 Vespas
365 1291 443 1333 anno
464 1291 528 1333 esse
543 1277 649 1332 actam.
682 1270 810 1348 (Similis
835 1291 915 1332 error
932 1260 1195 1354 grammaticorum
1219 1270 1316 1332 videa·

232 1373 282 1428 tur
302 1366 334 1426 in
355 1367 446 1428 schol.
468 1367 507 1427 ad
527 1367 638 1427 Avium
658 1386 700 1427 vs.
723 1370 805 1445 348.)
839 1366 945 1447 Itaque
967 1374 1018 1428 aut
1039 1367 1141 1428 nullus
1161 1373 1214 1428 aut
1240 1365 1316 1454 alius

233 1461 356 1542 quidam
385 1462 468 1523 locus
499 1461 678 1541 Iluripidens
710 1462 759 1523 hio
779 1463 953 1541 respicitur;
974 1463 1030 1523 hoc
1055 1462 1215 1523 verisimile
1241 1460 1327 1522 duco

232 1563 352 1637 propter
371 1557 482 1618 Avium
504 1577 546 1618 vs.
571 1561 663 1630 1720,
687 1558 739 1617 ubi
761 1557 819 1618 vid.
842 1576 916 1637 quac
938 1557 1088 1618 annotavi.
1246 1551 1248 1556 ’

278 1752 360 1816 lhll.
382 1772 424 1813 vs.
448 1755 624 1831 llssh‘sqqs

398 1852 447 1923 τίς
469 1849 513 1914 ἐπ’
535 1847 686 1931 αὐλείοισι
709 1845 820 1934 θύραις
844 1843 965 1917 θάσσω

395 2037 520 2126 κλῇθρα
539 2036 696 2124 χαλάσθω
718 2036 806 2103 τάδε·
829 2041 878 2101 καὶ
901 2033 939 2113 δὴ
962 2037 1025 2123 γὰρ

400 2136 564 2220 σχήματος
587 2133 688 2220 άρχή,

396 2323 538 2410 πλευρὰν
560 2307 756 2407 λυγίσαντος
776 2324 838 2388 ὑπὸ
860 2321 977 2408 ῥύμης·

396 2417 466 2482 οἷον
487 2419 604 2503 μυκτὴρ
627 2423 756 2501 μυκᾶται
779 2424 826 2482 καὶ

398 2506 586 2596 σφόνδυλος
610 2511 690 2596 άχεῖ·

275 2605 313 2665 In
333 2603 381 2664 his
400 2622 488 2664 nemo
509 2609 582 2682 puto
594 2605 741 2682 tragicum
752 2623 813 2664 non
824 2609 964 2682 agnoscet
976 2603 1124 2673 colorem3
1141 2602 1192 2664 scd
1203 2602 1315 2664 scholia

235 2719 295 2760 non
317 2699 412 2759 citant
433 2697 625 2776 tragoediam.

275 2876 372 2940 Pacis
399 2895 442 2936 vs.
464 2880 502 2937 76
524 2893 568 2953 sq.
600 2874 751 2954 Tiygaeus
771 2875 881 2936 dicitur
902 2876 946 2936 ita
967 2875 1113 2937 allocutus
1134 2895 1196 2937 esse
1222 2897 1316 2938 scara

230 2969 341 3032 ‘bocum
362 2989 461 3032 suum:
1094 2987 1098 2996 ·

398 3067 423 3131 ὦ
446 3067 642 3151 Πηγάσειον,
665 3071 759 3153 φησί,
781 3075 929 3152 γενναῖον
951 3069 1085 3153 πτερόν,

397 3166 485 3235 ὅπως
506 3164 628 3237 πετήσει
649 3162 679 3245 μ’
701 3159 773 3228 εὐθὺ
795 3170 851 3227 τοῦ
873 3165 955 3237 Διὸς
975 3159 1106 3246 λαβών·
1189 3193 1191 3198 ’
1318 3216 1320 3223 ,

276 3255 441 3316 Scholiasta
460 3254 535 3334 citat
557 3255 795 3335 Bellerophontis
817 3256 854 3317 ad
874 3275 984 3336 equum
1006 3256 1150 3334 aligerum
1173 3256 1262 3317 verba
1282 3277 1318 3317 cx

167 3402 169 3407 .
237 3350 390 3430 tragoedia
410 3349 593 3429 cognomini:
1268 3370 1272 3382 ·

398 3446 449 3534 ἄγ’
472 3446 496 3510 ὦ
519 3445 625 3530 φίλον,
638 3475 690 3531 μοι
710 3449 865 3534 Πηγάσου
887 3451 1019 3535 πτερόν,

235 3562 324 3622 quem
355 3560 472 3603 versum
505 3539 610 3603 Suidas
640 3545 673 3605 in
693 3563 764 3604 voce
784 3546 906 3631 ἐώρημα
927 3545 1058 3624 supplet,
1079 3544 1211 3605 scribens
1236 3545 1317 3628 ταχὺ

235 3640 359 3726 πτερόν.
1150 3659 1153 3664 ’

247 3759 250 3763 ·
967 3735 1081 3798 (Frogm.
1096 3736 1146 3786 308
1159 3734 1250 3796 Dino.)

278 3895 361 3960 ltin.
382 3915 424 3956 vs.
450 3900 506 3956 114
528 3915 605 3976 sqq.:

399 3994 423 4058 ὦ
445 3995 556 4080 πάτερ,
579 3994 603 4058 ὦ
625 3993 736 4078 πάπερ,
757 3991 805 4073 ἆρ’
828 3993 942 4076 ’ἔτυμός
964 4023 1000 4079 γε

331 4125 333 4128 ·
399 4085 537 4172 δώμασιν
560 4091 718 4173 ἡμετέροις
741 4088 833 4174 φάτις
855 4088 931 4164 ἥκει,

399 4184 443 4258 ὡς
465 4188 503 4248 σὺ
525 4186 587 4267 μετ’
613 4181 751 4269 ὀρνίθων
772 4183 942 4269 προλιπὼν
969 4186 1015 4266 ἐμὲ
1073 4213 1076 4218 “
1190 4231 1192 4237 -

399 4281 431 4352 ἐς
452 4281 587 4366 κόρακας
607 4275 711 4364 βαδιεῖ
734 4280 957 4361 μεταμώνιοςε

279 4371 361 4431 Haec
386 4373 566 4434 scholiastae
599 4373 735 4433 videntur
767 4392 902 4452 expressa
923 4393 984 4436 esse
1006 4374 1044 4434 ad
1065 4373 1153 4436 verba
1175 4391 1209 4432 ex
1232 4372 1318 4432 lluri·

239 4465 317 4544 pidis
338 4465 442 4528 Aeolo:
