3216 5154
790 385 832 481 si

323 607 451 674 Mnesil.
502 607 572 686 Qua
595 625 666 670 cero
688 608 829 670 ratione?

322 722 397 789 Eur.
500 721 591 784 Haec
622 728 694 783 tame
711 701 771 783 'ita
788 717 887 804 suere
910 718 1006 783 dictim
1025 721 1066 782 td.
1115 717 1201 780 Nam
1224 725 1258 780 at
1277 721 1351 801 pri-

497 855 578 898 mam
610 837 735 898 secessit
761 832 876 897 Aether
904 841 932 896 et
955 835 1128 897 animantes
1150 840 1234 896 mota
1250 854 1350 916 prae-

499 952 579 1012 ditos
603 951 635 1012 im
653 967 687 1012 ae
695 950 884 1032 procreauit,
901 949 955 1032 qui
965 948 1046 1010 sisai
1057 948 1221 1010 intermicet
1232 945 1351 1011 ceulam

486 1060 589 1144 flacit
617 1063 774 1144 primum,
807 1059 946 1145 eeemplo
976 1067 1075 1124 sumto
1106 1055 1350 1140 abacistae,

497 1194 683 1266 aures-aero
700 1170 882 1257 perforavit
904 1172 950 1237 ad
972 1176 1075 1236 instar
1099 1169 1290 1256 emendicat·
1306 1173 1325 1235 ¹.

322 1288 451 1358 Mnesil.
498 1289 627 1374 Erpoue
663 1284 894 1372 infundibulum
931 1289 965 1352 ia
998 1305 1096 1350 causo
1129 1294 1175 1350 est
1209 1306 1266 1350 cur
1300 1306 1353 1371 epo

497 1422 592 1486 meque
614 1398 743 1464 audiam
766 1419 860 1484 meque
882 1399 1024 1464 uideam?
1070 1395 1220 1482 Profecto
1231 1397 1352 1485 paadeo

498 1535 545 1578 me
568 1513 622 1578 loc
645 1517 716 1578 uoci
737 1512 937 1578 addidicisse.
991 1513 1031 1576 Ut
1048 1511 1181 1597 prodest
1204 1531 1272 1575 mm
1298 1531 1351 1575 sa-

491 1625 652 1713 pientibus
670 1625 862 1692 cousuetudo
876 1630 910 1688 ⁹!

322 1742 399 1806 Eur.
494 1739 620 1806 Similia
642 1739 690 1804 liis
714 1738 812 1803 multa
834 1760 855 1802 o
877 1759 925 1803 me
941 1741 1050 1823 possis
1073 1738 1199 1804 discere.

323 1857 362 1920 ln
387 1854 489 1920 Ranis
513 1873 640 1940 quoque
663 1851 845 1936 complures
862 1856 940 1916 sunt
956 1851 1019 1916 loci
1029 1851 1086 1917 ubi
1099 1849 1265 1936 Euripidis
1282 1857 1352 1914 stu-

278 1972 369 2036 dium
399 1969 578 2053 sapientiae
600 1973 871 2032 commemoratur
894 1966 945 2033 vel
969 1966 1143 2032 deridetur.
1191 1965 1244 2031 Sic
1269 1964 1351 2030 Ren.

280 2107 326 2150 vs.
356 2087 440 2150 1413
466 2081 650 2166 Dionysus:

400 2197 531 2275 τὸνμὲν
552 2193 616 2279 γὰρ
639 2195 773 2278 ἡγοῦμαι
797 2195 911 2279 σοφόν,
933 2198 978 2280 τῷ
1000 2190 1025 2260 δ’
1046 2192 1166 2276 ildinus·

279 2308 336 2372 ubi
368 2305 535 2371 verissime
565 2305 794 2388 Aristarchus,
823 2310 907 2371 teste
939 2307 1053 2388 schol,
1078 2300 1219 2392 priorem
1243 2327 1354 2371 versus

278 2430 403 2507 partem
435 2419 475 2484 de
507 2416 681 2502 Euripide,
715 2417 851 2483 alteram
882 2419 922 2484 de
954 2419 1115 2503 Aeschylo
1149 2420 1292 2506 accepit3
1323 2429 1355 2486 et

278 2558 324 2599 vs.
354 2536 437 2598 1434
463 2533 504 2597 de
526 2531 642 2597 iisdem
666 2531 771 2597 idem:

400 2654 418 2715 ὁ
439 2653 494 2731 μὲν
514 2655 624 2734 σοφῶς
649 2649 712 2733 γὰρ
735 2647 831 2718 εἶπεν,
855 2653 872 2712 ὁ
893 2645 919 2713 δ’
941 2651 1046 2735 ἕτερος
1066 2654 1186 2735 σαφῶς·

280 2755 401 2842 Lepide
424 2773 552 2840 quoque
573 2773 620 2817 vs.
646 2754 749 2818 1445:

401 2864 612 2952 ἀμαθέστερόν
633 2891 703 2942 πως
725 2868 785 2933 εἰπὲ
808 2869 856 2929 καὶ
879 2869 1070 2952 σαφέστερον

282 2972 459 3059 compellat
483 2970 575 3037 illum
602 2969 702 3036 nimis
724 2969 855 3034 doctum
878 2975 1026 3054 poetam,
1044 2978 1176 3057 tamque
1191 2963 1359 3058 sapienter

313 3235 320 3265 ¹
354 3234 445 3296 Aegro
461 3229 544 3279 versui
564 3230 595 3277 18
610 3240 661 3276 non
676 3233 737 3289 puto
754 3226 877 3276 medelam
895 3240 949 3275 essa
958 3227 1060 3277 allatam
1070 3230 1245 3280 emendatione
1253 3230 1357 3286 Beiskii,

279 3338 354 3388 quam
379 3319 524 3370 Dindorfius
541 3317 623 3366 textui
640 3315 754 3374 insaniit,
772 3313 845 3374 δίκην
859 3330 906 3380 pro
923 3315 1005 3376 ἀκοὴν
1020 3318 1135 3382 legentis.
1170 3318 1357 3369 Iniundibulum

280 3414 342 3463 illud
358 3411 448 3461 vellem
465 3408 553 3471 aliquis
571 3405 636 3456 felici
653 3405 797 3468 conjectura
812 3405 871 3456 hinc
887 3405 1008 3471 abigeret.

313 3502 324 3533 ²
358 3501 423 3550 Sunt
450 3499 492 3563 qui
517 3496 558 3546 hic
582 3495 660 3544 alludi
685 3494 830 3543 existiment
854 3497 884 3544 ad
902 3510 1002 3545 versum
1018 3511 1091 3560 quem
1109 3497 1181 3548 Plato
1198 3499 1261 3562 Rop.
1280 3500 1358 3558 vm,

280 3608 338 3658 pag.
354 3590 405 3640 568
421 3597 450 3638 ut
466 3585 629 3649 Euripideum
641 3585 713 3641 citat,
723 3599 802 3646 quum
809 3585 995 3636 aliiattribuant
1003 3587 1135 3650 Sophocli:
1154 3589 1227 3652 σοφοὶ
1236 3589 1358 3652 τύραννοι

281 3687 334 3731 τῶν
359 3682 444 3743 σοφῶν
469 3676 601 3740 συνουσίᾳ.
633 3675 695 3724 Vidi
719 3674 916 3724 dissertationem
940 3677 1005 3726 doct.
1023 3677 1055 3727 A.
1073 3678 1167 3728 Trosee
1184 3679 1276 3742 (Lugd.
1294 3679 1355 3728 Bar.

283 3768 369 3829 leot),
385 3766 428 3830 qui
444 3772 517 3828 putat
532 3779 589 3828 pag.
606 3765 631 3822 6,
649 3763 794 3827 Euripidem
811 3763 877 3812 hunc
893 3779 994 3814 versum
1012 3766 1175 3815 “suffuratum
1193 3781 1247 3816 esse
1265 3766 1359 3830 Sopho-

281 3858 327 3913 cli,
344 3857 415 3918 idqua
431 3855 454 3902 ei
472 3853 497 3902 h.
512 3853 529 3901 l.
546 3853 609 3902 salse
626 3852 657 3900 ab
674 3851 845 3915 Aristophane
861 3853 1019 3915 exprobrari*
1037 3881 1069 3889 -
1086 3856 1150 3916 quod
1168 3855 1283 3917 equidem
1295 3856 1359 3905 mul-

281 3948 313 3995 tis
338 3947 368 3995 de
393 3942 475 3992 causis
499 3956 585 4004 parum
612 3939 746 3990 verisimile
770 3942 846 3998 duco,
869 3955 948 4004 neque
965 3943 1022 3992 salsi
1038 3944 1170 4006 quicquam
1187 3944 1226 3991 hic
1244 3947 1360 4008 detegere

281 4049 388 4099 possum.

315 4126 347 4174 In
370 4123 414 4171 illo
439 4121 535 4178 libello,
556 4121 677 4184 judicium
702 4119 880 4183 Aristophanis
901 4122 932 4169 de
954 4121 1078 4185 plerisque
1103 4121 1197 4171 civibus
1218 4123 1362 4187 aequalibus

282 4214 429 4274 exhibente,
455 4213 598 4263 brevissime
623 4226 667 4275 pro
692 4225 736 4260 sno
760 4210 875 4268 consilio,
904 4213 947 4260 sed
978 4227 1027 4261 non
1056 4211 1132 4267 male,
1160 4214 1276 4274 exposuit
1301 4215 1361 4262 scri·

282 4316 338 4370 ptor
354 4320 414 4369 quae
432 4306 463 4352 da
479 4302 599 4364 Euripide
618 4301 691 4349 habet
707 4301 822 4349 comicus.
851 4299 939 4364 Longe
956 4317 1014 4351 eum
1032 4311 1232 4364 tamensuperat
1249 4305 1279 4352 T.
1298 4304 1359 4353 Hal·

281 4397 390 4446 bertsma
414 4395 439 4442 in
465 4407 539 4456 opere
556 4391 667 4453 ἡμισελεῖ
683 4389 747 4452 quod
766 4388 810 4436 sub
827 4387 900 4435 titulo
918 4388 1140 4452 prosopographiae
1159 4391 1360 4456 Aristophaneus

281 4501 346 4541 auno
362 4492 417 4548 pust
434 4482 534 4548 prodiit,
550 4481 627 4529 bonae
645 4478 721 4541 frugis
738 4478 847 4542 plenum.
1434 4461 1437 4466 Δ
