3222 5170
661 437 662 442 ’
763 425 822 486 121

298 607 348 673 Ne
383 611 492 672 tamen
516 605 556 670 de
579 605 783 691 argumenti,
814 605 901 691 quod
923 605 958 669 in
981 605 1041 670 hoc
1064 603 1240 690 specimine
1263 609 1329 674 tra·
1377 669 1380 676 ,

204 696 214 726 ”
255 720 359 804 ctavi,
384 719 520 786 historia
541 719 683 786 literaria
705 719 840 784 omnino
863 724 1006 801 taceam,
1030 740 1133 804 pauca
1155 716 1330 802 hucperti·

256 835 370 899 nentia
391 833 509 900 cursim
534 839 567 898 et
589 832 692 900 veluti
715 831 820 897 obiter
842 830 1058 916 subjungam,
1083 851 1164 915 quae
1187 830 1216 896 si
1233 830 1330 896 bene-

221 995 224 1012 .
257 948 350 1012 volus
385 947 485 1014 lector
516 971 535 1013 a
562 947 735 1013 sterilitate
760 967 874 1032 parum
904 946 1016 1012 abesse
1047 945 1236 1028 arbitretur,
1273 967 1332 1031 ego

257 1062 394 1148 pedibus
418 1084 455 1128 eo
478 1063 519 1127 in
538 1062 607 1149 ejus
631 1062 846 1139 sententiam
869 1081 966 1146 quare
985 1064 1017 1125 et
1035 1059 1117 1145 ipse,
1135 1059 1210 1125 huic
1228 1059 1332 1145 operis

259 1175 324 1240 mei
345 1175 432 1260 parti
448 1167 671 1258 subirascens,
696 1173 822 1240 numeri
847 1174 1000 1259 titulique
1018 1173 1172 1239 honorem
1196 1171 1226 1238 ei
1248 1172 1333 1237 invi·

259 1287 361 1353 derim
387 1288 641 1374 simpliciterque
664 1287 855 1373 appellarim
879 1293 978 1372 caput
999 1287 1147 1353 ultimant

305 1401 351 1466 Aa
373 1401 548 1467 nonnullos
572 1408 656 1468 certe
679 1421 927 1466 commemorare
950 1399 1042 1466 lubet
1060 1399 1145 1465 viros
1163 1390 1334 1484 primarios

261 1515 296 1578 in
318 1514 485 1579 literarum
519 1513 684 1598 republica
707 1513 762 1598 qui
785 1512 908 1578 dehac
931 1534 964 1576 re
987 1511 1194 1597 scripserunt.
1245 1513 1336 1577 Inter

261 1626 507 1711 antiquissimos
536 1632 612 1710 post
634 1632 762 1689 renatas
786 1625 896 1689 literas
919 1628 970 1688 est
991 1623 1177 1689 referendus
1205 1624 1336 1690 Beroal-

263 1740 342 1822 dus,
367 1737 540 1804 acerrimus
564 1736 620 1802 ille
643 1735 810 1820 Euripidis
833 1737 1053 1819 obtrectator,
1071 1737 1223 1803 adversus
1241 1759 1336 1823 quem

264 1850 380 1936 tragici
403 1870 534 1915 causam
558 1848 661 1914 tuitus
685 1855 736 1914 est
760 1847 899 1915 Sabinus
916 1851 936 1912 ¹.
969 1849 1088 1914 Postea
1109 1849 1143 1915 in
1167 1873 1203 1917 eo
1227 1851 1338 1917 defen-

265 1962 370 2029 dendo
404 1967 502 2047 atque
524 1960 686 2027 laudando
710 1981 804 2025 nemo
833 1981 868 2025 se
890 1960 1055 2046 praestitit
1078 1968 1145 2028 tam
1170 1970 1339 2030 strenuum

266 2098 363 2163 quam
399 2076 573 2142 Barnesius
589 2077 620 2158 ²,
654 2075 710 2161 qui
741 2074 770 2140 si
798 2074 922 2160 ingenii
952 2076 1100 2141 acumine
1133 2098 1197 2142 non
1230 2076 1340 2143 minus

266 2190 439 2275 polluisset
458 2212 555 2276 quam
579 2186 672 2256 uasta
694 2190 751 2256 sed
773 2189 936 2275 indigesta
959 2189 1109 2273 scientia,
1134 2190 1248 2276 majori
1266 2190 1342 2258 usui

268 2312 354 2397 esset
377 2304 445 2389 ejus
469 2305 652 2370 dramatum
677 2304 926 2390 Euripideorum
949 2304 1057 2369 editio
1084 2305 1147 2371 Hic
1170 2305 1254 2397 nihil
1276 2328 1342 2371 non

269 2419 303 2483 in
328 2418 484 2505 Euripide
507 2417 702 2499 admiratur,
723 2416 806 2481 nihil
818 2437 882 2481 non
902 2415 984 2481 false
1003 2422 1036 2481 et
1054 2416 1199 2504 maligne
1217 2418 1252 2482 in
1268 2440 1343 2484 eum

270 2555 289 2597 a
319 2530 441 2597 comico
465 2532 590 2597 dictum
621 2535 749 2614 censet,
776 2529 976 2616 argumentis
1001 2552 1096 2614 saepe
1118 2553 1159 2596 ex
1181 2532 1345 2619 theologia

269 2643 448 2710 christiana
478 2642 610 2728 petitis,
637 2647 676 2706 ut
708 2641 846 2707 subinde
869 2639 956 2706 dieas
979 2662 1053 2706 eum
1077 2662 1142 2706 nou
1165 2642 1205 2708 de
1226 2645 1343 2710 veteris

271 2762 386 2843 poetae
408 2755 558 2840 operibus
582 2745 639 2820 sed
663 2755 703 2820 de
725 2755 868 2840 aequalis
891 2754 1060 2840 cujusdam
1085 2755 1189 2841 Angli
1200 2756 1344 2822 homiliis

273 2849 377 2955 agere.
409 2869 508 2963 Hunc
531 2869 587 2954 qui
609 2869 706 2954 longe
729 2867 893 2954 superavit
915 2867 1163 2952 Valckenarius,
1188 2868 1237 2934 vir
1259 2869 1347 2935 fama

274 2987 306 3049 et
330 2981 510 3048 eruditione
532 2982 656 3047 nemini
679 2981 857 3064 secundus,
882 3003 983 3067 quum
1003 2981 1166 3067 plerisque
1187 2981 1222 3046 in
1244 2983 1347 3068 parti·

274 3098 335 3163 bus
369 3118 445 3162 eum
467 3096 676 3181 impugnaret
698 3101 731 3160 et
752 3094 929 3178 refelleret,
954 3095 988 3160 id
1015 3114 1116 3160 unum
1139 3100 1249 3160 tamen
1273 3118 1347 3162 cum

274 3209 385 3296 Anglo
418 3228 588 3274 commune
610 3206 725 3301 habuit
748 3207 834 3294 quod
857 3208 1046 3294 Euripidem
1070 3208 1228 3294 singulari
1250 3230 1347 3276 vene-

276 3322 401 3387 ratione
434 3320 552 3386 coleret
582 3327 616 3386 et
646 3320 865 3386 “christianae
885 3321 1036 3407 religioni
1059 3319 1210 3387 affinem”
1234 3321 1348 3388 existi-

278 3441 398 3518 maret,
416 3434 644 3519 Aristophanis
661 3438 771 3499 autem
781 3433 905 3518 judicio
921 3435 976 3500 vix
992 3434 1166 3521 quiequam
1178 3434 1348 3519 tribueret,

279 3572 298 3614 a
332 3570 395 3635 quo
421 3549 477 3634 qui
507 3548 670 3634 “turpiter
701 3549 735 3613 in
765 3570 862 3614 scena
892 3548 1082 3632 violaretur,
1116 3548 1288 3634 Euripides
1321 3550 1349 3616 si

279 3663 352 3750 quis
375 3663 459 3728 alius
481 3669 606 3746 praeter
620 3662 803 3744 Socratem,
819 3661 1090 3748 indignissimus''
1103 3662 1133 3727 ei
1149 3663 1317 3729 videbatur
1326 3676 1347 3730 θ.

281 3777 436 3862 Prologos
466 3782 576 3841 tamen
606 3774 800 3860 Euripideos
830 3775 864 3839 in
896 3775 1113 3860 patrocinium
1140 3797 1204 3842 non
1230 3779 1350 3863 recepit

281 3896 314 3954 et
336 3889 505 3974 Sophoclis
529 3888 667 3954 exordiis
691 3888 833 3953 multum
856 3886 1056 3974 posthabuit.

281 4039 366 4097 “velit,
382 4051 438 4087 sero
453 4039 485 4086 ud
501 4038 610 4101 ipsarum
627 4037 812 4102 tragoediarum
827 4037 959 4088 lectionem
975 4039 1113 4102 perveniet,
1130 4040 1256 4090 dissimilis
1270 4041 1351 4092 Athe·

281 4128 424 4177 ·‘niensibus
448 4128 584 4187 veteribus,
607 4127 648 4192 qui
665 4127 739 4177 nullis
755 4127 897 4192 hujusmodi
913 4128 1037 4177 laboribus
1053 4129 1183 4178 exantlatis
1200 4131 1351 4196 tragicorum

281 4217 392 4266 “fabulas
411 4216 438 4264 in
453 4215 551 4266 theatro
568 4229 618 4266 non
634 4216 715 4265 solum
732 4215 874 4280 spectabant
890 4216 934 4266 sed
950 4217 1027 4266 etiam
1042 4216 1236 4281 intelligebant.”

316 4306 324 4337 ¹
341 4307 430 4355 Franc.
448 4306 515 4356 Flor.
532 4305 618 4355 Sabini
634 4305 704 4356 Lect.
722 4305 837 4354 subrisit.
853 4306 891 4363 11,
906 4320 959 4369 cap.
979 4308 1017 4356 13.

316 4394 327 4428 ⁹
342 4395 468 4458 Euripidis
486 4411 548 4459 quae
564 4403 651 4444 extant
668 4404 722 4455 etc,
739 4410 812 4458 opera
829 4395 850 4444 1.
867 4396 973 4455 Barnea,
991 4395 1063 4448 Cant.
1082 4398 1152 4447 1694.

316 4481 327 4515 ³
344 4483 426 4534 Diatr.
442 4499 497 4547 pag.
515 4484 583 4536 460.
686 4543 688 4547 ,
