3216 5154
766 376 902 481 ar¹

245 603 343 686 linis,
368 603 424 688 qui
448 600 636 688 adoptionis
656 609 767 671 auctor
791 605 960 688 extiterat,
979 605 1139 691 templum
1151 603 1320 669 incendere

245 716 345 797 velit,
381 716 581 780 assentiente
620 716 809 802 paedagogo
825 726 848 800 ¹,
880 716 931 782 cui
966 718 1099 802 insuper
1126 715 1261 781 mandat
1284 720 1321 779 ut

240 830 372 914 juvenis
393 828 509 914 poculo
534 828 718 894 immisceat
739 852 910 896 venenum.
946 832 1081 897 Detecto
1097 830 1213 896 scelere
1228 836 1320 892 ante·

246 964 343 1028 quam
377 941 543 1026 potionem
577 942 742 1008 exitialem
777 944 936 1027 hauriret,
971 945 1031 1010 Ion
1071 964 1197 1030 quoque
1235 947 1321 1006 atro-

246 1058 325 1121 citer
358 1056 477 1139 saevit,
513 1061 546 1122 et
580 1057 647 1122 leni
678 1057 734 1123 ille
769 1057 878 1123 animo
897 1058 1046 1144 juvenis,
1071 1080 1168 1146 quem
1192 1057 1225 1121 in
1248 1054 1322 1118 dra-

246 1171 345 1236 matis
380 1170 475 1236 initio
499 1193 607 1252 amare
633 1194 858 1258 coeperamus,
883 1173 929 1239 sic
954 1174 993 1238 de
1017 1162 1172 1258 improba'
1187 1167 1322 1235 muliere

247 1284 409 1350 exclamat
433 1283 496 1366 (vs.
525 1286 609 1349 1266
635 1289 741 1372 sqq.):

407 1393 551 1470 λάζυσθ’,
570 1395 610 1462 ‘iv'
630 1400 725 1473 αὐτῆς
746 1403 821 1474 τοὺς
844 1398 1019 1486 ἆκηράτονς
1040 1395 1183 1472 πλόκους

408 1503 506 1583 κόμης
527 1500 721 1578 καταξήνωσι
751 1510 924 1592 Παρνασοῦ
946 1503 1078 1578 abducre,

409 1602 483 1672 ὅθεν
504 1615 651 1691 πετραῖον
674 1607 758 1688 ἅλμα
782 1605 1021 1682 δισκευθήσεται·

249 1711 335 1791 Quin
364 1709 435 1794 janr
472 1710 506 1777 iu
542 1733 579 1775 eo
616 1719 667 1776 est
691 1719 728 1777 ut
752 1735 823 1778 eam
848 1714 889 1779 ad
913 1714 1037 1779 Phoebi
1059 1735 1149 1778 aram
1173 1711 1322 1795 trucidet,

248 1846 348 1910 quum
379 1823 516 1906 Pythiae
548 1832 582 1889 et
609 1845 688 1892 mox
711 1826 857 1892 Palladis
880 1831 1005 1912 opera2
1029 1827 1127 1893 discit
1153 1849 1224 1891 cam
1255 1847 1325 1891 esse

249 1960 339 2004 suam
370 1959 410 2002 ex
434 1937 589 2023 Apolline
611 1945 765 2023 matrem,
786 1938 982 2024 jamdudum
1007 1938 1121 2005 amissi
1141 1938 1203 2024 filii
1224 1937 1325 2003 vesti-

247 2052 339 2137 gium
370 2057 592 2137 quaerentem.
641 2052 703 2118 Per
726 2053 969 2120 conversionem
992 2052 1135 2118 subitam
1157 2051 1206 2117 ira
1226 2051 1325 2131 cadit,

229 2163 392 2229 succedit
424 2163 600 2248 gaudium,
637 2172 670 2229 et
703 2172 818 2230 mutuo
856 2164 1010 2253 amplexu
1043 2170 1149 2230 mater
1181 2170 1215 2229 et
1237 2163 1325 2229 filius

249 2301 318 2344 sese
352 2277 581 2343 exosculantur
596 2283 617 2342 ³.
666 2277 747 2358 Quis
771 2279 853 2346 talia
875 2279 1012 2367 probet?
1045 2278 1126 2359 Quis
1150 2277 1234 2346 ferat
1257 2284 1327 2344 tam
1388 2352 1390 2359 ,

249 2413 379 2456 caecum
407 2391 547 2456 furorem
572 2399 703 2476 repente
725 2398 891 2457 mutatum
915 2392 949 2455 in
970 2398 1039 2456 tam
1063 2413 1208 2460 serenam
1231 2391 1326 2457 laeti-

250 2507 353 2571 tiam?
399 2505 571 2569 Praeterea
599 2526 713 2590 rogare
743 2505 820 2570 licet
853 2528 895 2570 an
932 2505 1053 2571 Oreiisa
1085 2506 1197 2571 insons
1229 2510 1325 2587 esset,

249 2619 335 2706 quod
366 2616 543 2703 juvenem,
577 2617 669 2703 cujus
698 2617 785 2682 vitae
807 2625 876 2683 erat
899 2618 1074 2702 insidiata,
1099 2618 1203 2703 ipsius
1226 2640 1326 2704 appa-

249 2737 332 2797 reret
363 2752 433 2796 esse
462 2729 588 2808 filium3
623 2730 674 2795 vel
707 2731 816 2795 minus
850 2730 1121 2816 legitimationis
1151 2730 1216 2815 ira,
1252 2753 1336 2801 cumr

249 2821 440 2930 comperiret
470 2864 535 2908 uon
556 2865 576 2908 a
597 2830 734 2909 noverca
758 2843 814 2910 sed
841 2844 882 2908 ab
909 2844 981 2930 ipsa
1003 2850 1107 2911 matre
1128 2863 1245 2910 necem·
1264 2845 1327 2910 sibi

249 2959 350 3025 fuisse
382 2964 531 3044 paratam
547 2959 568 3024 ⁴.
618 2957 748 3040 Quanto
780 2957 898 3024 melius
930 2958 1041 3024 omnia
1068 2957 1276 3044 procederent
1299 2959 1327 3025 si

248 3239 325 3286 parva
349 3224 389 3273 vel
413 3224 484 3274 nulla
508 3233 574 3274 esset
599 3224 678 3287 copia.
712 3223 815 3288 Alioqui
840 3231 883 3272 aot
907 3239 992 3273 veram
1010 3224 1165 3288 tragoediam
1182 3221 1328 3286 scripsisset,

248 3315 275 3362 in
290 3329 339 3378 qua
356 3313 401 3362 lon
419 3325 569 3373 moreretur,
587 3327 630 3363 sut
646 3313 810 3372 comoediam,
827 3313 866 3382 cui
884 3327 934 3361 non
950 3322 1002 3362 tam
1019 3315 1097 3362 multa
1112 3314 1283 3363 admiscuisset
1295 3327 1328 3362 ex

248 3403 426 3468 pulverulentis
451 3404 579 3453 annalibus
605 3403 695 3466 petita,
717 3417 749 3451 nc
765 3403 862 3452 omissis
879 3404 979 3466 quidem
996 3404 1159 3453 Teleontibus
1175 3403 1329 3466 caeterisque

222 3551 228 3568 ⁸
247 3494 361 3544 tribubus
377 3493 473 3544 Jonicis
490 3495 537 3556 (rs.
558 3495 620 3546 1⁵79
636 3493 708 3556 sqq).

282 3583 291 3616 ¹
324 3585 372 3633 Va.
389 3586 447 3637 974:
468 3585 567 3647 πίμπρη
585 3585 617 3632 τὰ
634 3585 713 3646 σεμνὰ
731 3586 822 3640 Λοξίου
839 3581 990 3646 χρηστήρια.

280 3674 291 3707 ²
324 3675 383 3738 Ipsa
407 3673 501 3736 Apollo
525 3687 576 3721 non
597 3673 671 3721 audet
693 3687 719 3721 sc
736 3674 865 3722 ostondcre
887 3672 985 3721 mulieri
1001 3672 1040 3720 cni
1058 3673 1117 3721 olim
1134 3673 1185 3722 vim
1202 3673 1329 3735 intulerat,

249 3769 292 3816 sed
309 3767 387 3816 mittit
402 3763 527 3827 virginem
543 3761 675 3822 Atheneo,
692 3778 756 3826 quac
773 3779 809 3812 vs.
829 3763 891 3812 lata
907 3777 959 3825 sqq.
977 3763 1008 3811 ab
1023 3777 1053 3812 eo
1065 3777 1092 3811 sa
1108 3763 1194 3812 venue
1209 3771 1329 3826 testatur;
1398 3792 1401 3798 ·

249 3860 311 3908 “mit
335 3857 426 3906 feinem
451 3854 560 3907 Gelubl”
585 3853 645 3904 haec
667 3855 701 3903 ita
723 3865 828 3918 aposta
843 3855 957 3904 ordinata
974 3869 1025 3903 csse
1043 3855 1158 3904 videntur
1176 3851 1330 3903 Bernhardio

249 3965 307 4013 pag.
324 3950 372 4001 427
389 3955 415 3996 et
430 3947 487 3999 487.
541 4014 543 4018 ι

283 4041 293 4070 '³
326 4039 518 4100 Vs.1437sq.:

446 4129 464 4176 ὦ
483 4126 592 4191 φιλτάτη
611 4145 652 4190 μοι
670 4130 761 4192 μῆτερ,
780 4125 889 4190 ἄσμενός
907 4125 929 4174 σ’
946 4124 1007 4188 idcir

443 4219 506 4281 πρὸς
525 4215 635 4281 ἁσμένης
653 4215 773 4265 πέπτωκα
791 4218 839 4273 σὰς
856 4201 989 4280 παρηΐδας.

250 4299 301 4358 “So
327 4307 440 4360 schliesst
464 4306 525 4354 alles
550 4320 615 4368 ganz
641 4303 771 4364 srlihlich,
785 4305 835 4353 und
860 4306 906 4353 dcr
926 4299 1176 4373 angestrcbteMord
1195 4304 1237 4353 hat
1252 4303 1333 4352 nichts

252 4397 353 4446 “waiter
370 4411 400 4444 zu
418 4395 565 4445 bedenten.''
600 4395 702 4458 Gruppe
719 4394 831 4444 Ariadne
847 4409 905 4458 pag.
921 4395 977 4444 413.

284 4485 294 4517 ⁴
328 4486 407 4534 Miror
432 4485 617 4535 Bernhardium
635 4484 677 4546 qui
696 4498 753 4546 pag.
771 4485 833 4543 487,
850 4484 897 4532 hoc
914 4485 1000 4531 drama
1017 4481 1166 4546 dijudicans,
1184 4483 1219 4532 ita
1235 4485 1333 4534 scribit:
1350 4549 1353 4552 Ι
