3216 5154
303 1325 427 1392 Morem
451 1323 735 1391 dissertationibus
759 1323 930 1408 praefandi
954 1325 1100 1390 nondum
1124 1326 1203 1392 adeo
1227 1327 1261 1392 in
1278 1328 1334 1393 de-

259 1438 465 1504 suetudinem
489 1439 608 1504 abiisse
631 1459 711 1520 reor,
737 1436 815 1521 quin
840 1436 926 1500 mihi·
944 1437 1041 1503 liceat
1073 1439 1212 1524 paucula
1239 1440 1336 1504 verba

184 1593 186 1598 -
258 1552 407 1638 proloqui
439 1559 566 1638 gratam
602 1551 760 1617 testantia
787 1558 932 1615 mentem
964 1573 1042 1636 erga
1064 1574 1118 1618 eos
1143 1553 1198 1638 qui
1222 1554 1256 1617 in
1285 1576 1336 1618 me

258 1665 460 1731 instituendo
492 1665 722 1752 impenderunt
752 1684 892 1749 operam.
942 1664 1031 1730 Inter
1058 1686 1138 1750 quos
1163 1686 1228 1729 non
1253 1671 1335 1730 tem-

218 1841 220 1849 ,
259 1778 346 1862 poris
380 1784 510 1844 tantum
545 1777 657 1843 ordine
691 1777 816 1862 primus
848 1776 938 1841 locus
970 1777 1110 1842 debetur
1134 1777 1220 1862 patri
1243 1799 1334 1861 mec,

262 1913 357 1976 quem
380 1913 483 1977 usque
507 1891 547 1956 ad
567 1890 676 1956 studia
696 1889 880 1955 academica
894 1889 993 1954 habui
1007 1895 1246 1975 praeceptorem
1263 1890 1335 1954 uni·

260 2025 353 2086 cum,
383 2005 546 2088 adderem,
571 2010 605 2069 et
628 2003 801 2089 optimum,
827 2002 892 2068 nisi
916 2003 1031 2069 scirem
1053 2009 1213 2090 quantum
1234 2004 1338 2070 oderit

260 2118 415 2184 encomia.
451 2117 683 2206 lnAthenaeo
707 2118 1025 2185 Amstelaedamensi
1047 2120 1230 2206 complures
1257 2121 1336 2185 Pro-

259 2231 396 2296 fessores
413 2228 539 2306 audivi,
565 2229 684 2314 quibus
709 2251 864 2316 magnam
887 2236 1029 2318 gratiam
1053 2233 1155 2298 habeo
1179 2240 1213 2299 et
1234 2256 1338 2322 usqne

258 2343 403 2409 habebo·
430 2341 518 2406 Bene
542 2341 629 2407 nosti
653 2363 704 2407 rne
729 2343 986 2430 illudrinprimis
1010 2345 1116 2412 dicere
1138 2347 1178 2412 de
1198 2347 1252 2432 Te,
1277 2349 1339 2413 Vir

260 2456 345 2522 Olar.
372 2455 475 2538 Boon,
501 2453 593 2539 cujus
616 2455 822 2541 frequentare
846 2459 973 2525 scholas
995 2461 1104 2526 nescio
1129 2459 1210 2524 mihi
1223 2461 1337 2527 utilius

260 2593 301 2636 an
330 2567 509 2654 jucundius
540 2569 647 2635 fuerit.
699 2570 777 2636 Sine
806 2593 858 2636 me
888 2572 1084 2638 nominatim
1113 2571 1185 2636 Tibi
1212 2572 1337 2658 gratias

260 2705 375 2769 agere,
407 2689 440 2748 et
468 2705 565 2769 perge
589 2681 663 2766 diu,
690 2703 888 2771 quamquam
916 2706 1001 2750 nnnc
1033 2667 1179 2750 muneris
1203 2707 1337 2771 expers,

261 2803 332 2861 tum
356 2795 448 2861 bonis
470 2795 574 2862 literis
597 2795 705 2862 favere
725 2802 797 2861 tum
814 2797 854 2862 iis
870 2797 989 2882 quibus
1002 2796 1143 2882 contigit
1155 2797 1221 2862 tuis
1236 2799 1339 2865 fuisse

261 2908 440 2995 discipulis.
488 2910 626 2976 Memori
652 2910 753 2975 etiam
775 2909 885 2975 animo
909 2931 1037 2995 semper
1060 2909 1250 2976 reminiscar
1265 2913 1339 2976 Viri

254 3023 345 3089 Olar.
372 3024 404 3091 J.
431 3024 607 3106 Trnnnnu,
636 3023 711 3110 qui,
733 3029 771 3087 ut
793 3022 958 3109 quondam
988 3029 1114 3109 patrem
1138 3044 1266 3109 meum,
1292 3027 1338 3092 sic

261 3138 370 3203 oblata
393 3137 560 3202 occasione
583 3159 635 3202 me
659 3158 786 3222 quoque
807 3137 954 3202 consiliis
967 3137 1154 3222 auxilioque
1167 3136 1339 3204 efficaciter

262 3249 396 3336 adjuvit.

306 3365 445 3447 Leidae,
482 3386 573 3430 secus
603 3364 751 3430 ac-rnihi
778 3386 1029 3452 proposueram,
1053 3364 1220 3451 paulisper
1243 3363 1339 3428 modo

260 3484 477 3545 commoratus
502 3500 595 3562 sum,
620 3500 678 3545 nec
702 3485 813 3546 tamen
837 3479 907 3545 sine
924 3479 1041 3546 fructu.
1067 3481 1099 3546 A
1115 3478 1237 3544 talibus
1252 3478 1338 3544 enim

260 3590 520 3679 praeceptoribus
553 3591 665 3677 quales
690 3591 736 3656 ibi
759 3591 870 3657 inveni
894 3593 946 3658 vel
969 3593 1059 3659 brevi
1083 3600 1227 3678 ternpore
1252 3590 1339 3656 mul-

261 3716 332 3774 tum
353 3705 475 3772 discere
499 3706 584 3791 licet.
634 3705 778 3786 Quorum
802 3707 830 3772 si
857 3707 991 3772 nomina
1012 3707 1065 3772 hic
1088 3727 1339 3801 commemorare

261 3820 466 3907 supersedeo,
491 3827 526 3886 at
548 3818 671 3907 pectori
694 3841 766 3886 meo
792 3842 918 3907 semper
941 3820 1042 3885 infixa
1068 3821 1256 3886 manebunt.
1283 3818 1338 3899 Te,

261 3934 433 4000 reverende
456 3934 639 4018 Promotor,
664 3933 726 3999 Vir
749 3933 834 4000 (ilar.
862 3935 983 4020 Ocnus,
1011 3940 1209 4021 quantopere
1230 3931 1338 4016 suspi-

261 4047 345 4112 ciam
378 4046 547 4133 colamque
579 4047 684 4112 dicere
708 4045 787 4132 quid
810 4047 948 4121 attinet,
976 4069 1077 4134 quum
1101 4047 1182 4113 meis
1207 4067 1337 4132 praeco-

261 4159 327 4225 niis
359 4159 496 4226 minime
527 4159 678 4246 gentium
710 4159 857 4245 indigeas
882 4169 915 4224 et
935 4181 1045 4226 meum
1061 4160 1103 4224 ‘in
1125 4161 1168 4225 Te
1191 4158 1339 4225 animum

263 4294 327 4337 non
350 4273 502 4358 ignores?
536 4273 608 4359 Ego
633 4296 707 4338 vero
731 4273 760 4338 si
784 4272 863 4358 quid
884 4277 1030 4358 unquam
1056 4273 1090 4337 in
1112 4272 1216 4338 literis
1240 4272 1338 4357 profi-

262 4384 363 4466 ciam,
389 4384 423 4450 id
446 4408 565 4472 magna
589 4407 629 4452 ex
651 4393 743 4475 parte
767 4385 838 4450 Tibi
861 4396 1030 4470 acceptum
1050 4386 1111 4450 erit
1122 4385 1337 4472 referendum,

262 4511 299 4566 ut
323 4500 379 4585 qui
403 4499 573 4586 discipulis
598 4521 663 4566 non
683 4490 778 4566 niodo
796 4498 1003 4584 antiquitatis
1021 4520 1162 4564 amorem
1179 4499 1338 4566 instillare
