3222 5170
747 400 805 460 131
918 397 919 401 ’

276 583 430 644 Praeterea
451 583 557 643 addere
577 582 664 660 juvat
685 581 871 677 Hippotvs.
896 587 985 642 1144:
1063 631 1065 636 .

559 681 583 743 ὦ
604 679 739 744 τάλαινα

394 780 507 860 μᾶτερ,
531 773 628 848 ἔτεκες
650 773 799 838 ἆνόναπα·

235 885 310 946 quae
341 873 411 928 sunt
433 868 514 929 chori
536 868 572 928 de
594 867 753 946 Hippolyti
774 873 869 928 matre
891 867 989 928 verba.
1030 866 1079 927 Ad
1099 885 1189 946 quem
1218 868 1316 929 locum

235 962 448 1023 Valckenarius
476 963 603 1024 conferri
631 961 719 1039 jubet
750 961 824 1022 Hec.
856 961 901 1023 vsi
921 966 995 1036 765,
1017 963 1070 1022 ubi
1092 961 1217 1023 Hecuba
1238 963 1317 1041 Aga-

235 1057 386 1117 memnoni
406 1057 537 1136 roganti:
968 1062 971 1067 '

396 1159 413 1229 ἦ
435 1155 497 1241 γάρ
520 1156 578 1220 τιν’
601 1153 707 1220 ἄλλον
729 1154 842 1230 ἐ’τεκεςὶ

235 1247 405 1325 respondet:

397 1343 535 1418 ἀνόνητά
557 1346 597 1429 γ’,
621 1345 665 1417 ὡς
686 1343 777 1416 ἔοικε,
799 1340 885 1409 τόνδ’
907 1345 945 1410 ὃν
967 1347 1102 1430 εἰςορᾷς.

277 1436 394 1498 Ultima
414 1437 472 1497 loci
492 1436 704 1517 Aristophanei
725 1437 828 1510 verba,
850 1455 926 1517 quae
947 1437 1038 1498 etiam
1060 1438 1172 1516 tragico
1188 1438 1318 1517 quodam

236 1526 337 1593 colore
353 1533 449 1594 tincta
469 1538 554 1606 sunt,
567 1550 645 1593 ‘cum
668 1533 739 1593 Eur.
763 1533 871 1594 Alcest.
894 1553 937 1593 vs.
950 1537 1021 1593 341:
1039 1538 1093 1618 μοὶ
1105 1537 1222 1601 στένειν
1232 1537 1319 1623 πάρα

235 1628 330 1706 possis
350 1647 532 1707 comparium
554 1628 605 1689 sed
626 1627 786 1689 verisimile
802 1634 847 1689 est
868 1647 902 1688 ea
917 1647 1034 1708 quoque
1046 1647 1081 1689 ex
1092 1628 1207 1690 Theseo
1218 1626 1320 1688 fabula

236 1724 327 1784 fuisse
347 1723 450 1802 petita.

282 1902 366 1966 lbld.
386 1923 429 1964 vs.
462 1907 520 1964 750
552 1901 738 1974 Philocleon,
760 1901 928 1962 vehementi
947 1900 1102 1979 judicandi
1122 1899 1247 1960 libidine
1269 1899 1319 1958 ab·

237 2002 355 2075 reptus,
378 1997 420 2058 sic
440 1998 584 2076 loquitur:
610 2031 614 2044 ι

397 2099 438 2178 μή
459 2121 511 2178 μοι
532 2097 653 2158 τούτων
674 2089 770 2176 μηδὲν
792 2094 960 2178 ὑπισχνοῦ·

397 2194 508 2256 κείνων
530 2189 654 2276 ἔραμαι,
676 2187 752 2253 κεῖθι
773 2190 941 2274 γενοίμαν,

397 2285 438 2351 ‘lv'
461 2290 478 2350 ὁ
501 2281 599 2371 κήρνὲ
621 2287 711 2369 φησί,
733 2287 782 2357 ric
803 2282 916 2368 ἀψήφι-

399 2407 476 2455 στος
485 2398 497 2453 3'
516 2377 706 2445 ἆνιστάσθω·

398 2473 583 2549 κᾶπισπαίην
607 2475 655 2536 ἐπὶ
676 2480 745 2547 τοῖς
768 2479 878 2552 κημοῖς

399 2567 621 2654 ψηφιζομένων
643 2570 660 2631 ὁ
682 2567 871 2639 τελευταῖος·

398 2659 520 2730 σπεῦδ’,
544 2661 568 2725 ὦ
589 2663 689 2747 ψυχή·
711 2668 773 2724 ποῦ
795 2687 847 2741 μοι
868 2662 971 2747 duxit

399 2758 511 2844 πάρες,
535 2755 559 2820 ὦ
582 2758 696 2844 σκιερά·

279 2849 396 2911 Horum
421 2869 559 2912 versuum
587 2850 676 2928 primi
697 2850 786 2910 efficti
807 2855 878 2910 sunt
899 2847 937 2908 ad
957 2848 1089 2910 nobilem
1110 2869 1146 2910 ex
1167 2849 1321 2931 Euripidis

239 2947 405 3026 Hippolyto
425 2946 537 3020 locum,
558 2964 601 3006 vs.
623 2949 681 3006 215
709 2963 788 3025 sqq„
811 2944 863 3005 sed
883 2943 1020 3018 liberius,
1042 2944 1086 3005 ita
1106 2952 1141 3004 nt
1161 2945 1322 3006 verisimile

239 3042 292 3115 sit,
324 3042 357 3101 in
388 3041 484 3120 priore
516 3040 675 3120 Hippolyti
706 3039 837 3100 editione
868 3039 924 3100 hoo
956 3040 1106 3100 canticum
1137 3041 1233 3119 magis
1254 3060 1322 3102 cum

239 3137 344 3197 comici
375 3137 472 3197 verbis
492 3136 671 3215 congruisse.
714 3135 801 3210 Quod
821 3135 847 3196 si
868 3141 997 3206 statuas,
1018 3154 1079 3195 non
1104 3135 1322 3198 emendandum

240 3240 303 3294 erat
322 3234 446 3294 fortasse
467 3233 572 3294 scholii
594 3233 714 3292 lemma:
735 3236 776 3316 μή
797 3261 850 3317 μοι
865 3237 1000 3306 τούτων,
1023 3252 1111 3308 quem
1125 3252 1244 3294 versum
1254 3253 1323 3294 cum

240 3334 371 3390 censeret
390 3347 452 3388 non
473 3328 669 3407 Euripideum
690 3347 769 3398 esse,
791 3327 1007 3389 Valckenarius
1018 3328 1056 3389 ad
1077 3336 1249 3409 sequentem
1260 3349 1324 3391 ver-

240 3443 307 3485 sum
327 3423 431 3484 retulit
452 3422 599 3495 scholion,
622 3440 748 3501 eumque
770 3426 888 3482 secritus
910 3422 1083 3484 Dindorfius
1098 3423 1325 3502 inuscholiorum

240 3519 379 3580 editione.

282 3615 458 3676 Conferatur
484 3615 575 3675 etiam
606 3615 717 3676 Alcest.
738 3633 781 3675 vs.
804 3617 875 3674 866:
897 3619 1006 3680 κείνων
1028 3614 1148 3702 ἔραμαι,
1171 3619 1242 3681 κεῖν’
1264 3620 1324 3682 ἐπι-

242 3710 327 3794 θυμῶ
350 3708 474 3793 δώματα
496 3715 609 3783 ναίειν,
632 3714 663 3770 eb
683 3709 763 3770 infra
782 3709 888 3788 fr'agln.
910 3709 1002 3769 Arist.
1027 3714 1093 3770 146.

282 3805 320 3865 In
351 3805 458 3865 ultimo
489 3823 628 3866 versuum
653 3805 814 3865 citatorum
839 3810 928 3883 poeta
955 3803 1117 3865 secundum
1146 3805 1237 3866 schol.
1257 3805 1324 3865 imi-

242 3906 323 3960 tatur
353 3901 425 3961 haec
456 3921 492 3961 ex
513 3901 744 3979 Bellerophonte
765 3899 855 3960 verba
875 3899 965 3980 (quae
990 3900 1159 3961 emendavit
1180 3900 1323 3962 Valckeu.

243 3995 339 4056 Diatr.
361 4015 428 4075 pag.
453 3999 538 4076 166):

402 4094 519 4179 πάρες,
541 4093 565 4156 ὦ
588 4085 694 4179 σκιεριί
717 4090 859 4178 φυλλάς,
882 4089 1014 4178 ὑπερβῶ

404 4196 534 4273 κρηναῖα
557 4191 654 4262 νάπη·
676 4188 734 4252 τὸν
755 4187 832 4272 ὖπὲρ
853 4184 991 4271 κεφαλῆς

405 4280 500 4368 αἰθέρ’
521 4278 639 4347 ἰδέσθαι
662 4275 803 4353 σπεύδω,
826 4280 884 4346 τίν’
907 4280 970 4367 ἐ’χει

405 4379 517 4442 στάσιν
540 4373 679 4444 Εἰνοδία·

980 4459 1091 4520 (Fragm.
1109 4457 1158 4527 310
1174 4459 1259 4523 Dind.)
1270 4457 1288 4492 θ

1145 4541 1193 4615 c*
