3216 5154
791 419 831 480 68

174 629 183 660 ¹
276 604 480 670 damnandus
501 604 520 667 ¹.
567 601 771 667 Rhetoricam
797 601 887 665 illam
919 605 1020 666 artem
1053 623 1134 687 quae
1166 602 1234 688 ejus
1263 608 1345 669 tem-

276 718 408 804 poribus
438 715 591 800 florcbat‚
625 715 753 780 etiamsi
783 736 848 779 non
878 713 1084 780 adhiberetur
1117 716 1160 781 ad
1192 718 1346 782 tuendam

277 831 449 917 injuriam,
474 831 515 896 ad
538 811 633 916 nigra
655 849 714 914 pro
737 827 839 910 albis,
866 850 963 894 curva
978 851 1037 914 pro
1053 830 1166 914 rectis,
1182 852 1241 915 pro
1256 834 1345 916 puris

278 965 394 1030 spurca
427 941 641 1025 venditando,
666 940 752 1006 inter
774 938 896 1026 primas
921 946 1030 1006 tamen
1054 963 1166 1007 causas
1190 941 1346 1030 referebat
1415 1023 1418 1028 Ι

278 1059 395 1146 quibus
418 1055 525 1143 patria
547 1055 697 1141 civesque
719 1055 753 1120 in
776 1053 869 1140 pejus
893 1055 1156 1141 propellerentur.
1184 1056 1273 1124 Olim
1284 1058 1346 1121 mi-

278 1194 339 1237 nus
363 1171 495 1255 linguae
511 1167 656 1233 fidebant
670 1166 888 1233 Athenienses
901 1189 997 1252 quam
1012 1168 1118 1233 robori
1130 1169 1344 1252 brachiorum,

277 1286 470 1372 palaestram
502 1281 612 1368 potius
642 1301 740 1366 quam
762 1281 929 1346 rhetorum
952 1281 1113 1347 auditoria
1134 1282 1344 1370 frequentan-

277 1407 326 1464 tes
340 1403 362 1463 2.
411 1396 446 1462 si
478 1397 535 1481 qui
557 1396 663 1461 adhuc
686 1396 877 1481 superstites
901 1401 993 1465 erant
1016 1418 1034 1461 e
1058 1396 1135 1462 viris
1159 1398 1215 1482 qui
1238 1399 1346 1465 debel-

277 1512 384 1577 larent
407 1510 538 1593 Persas,
564 1508 599 1573 in
622 1508 692 1573 foro
715 1508 797 1573 nihil
823 1509 975 1573 valebant
990 1509 1142 1575 adversus
1158 1509 1346 1578 delicatulus

272 1623 409 1714 juvenes
433 1641 549 1687 novam
575 1626 677 1685 artem
701 1620 874 1685 oratoriam
898 1621 1053 1687 callentes
1069 1628 1096 1698 ⁸,
1121 1645 1258 1709 quorum
1272 1625 1346 1690 infi-

312 1817 320 1848 1
353 1783 425 1846 Quod
449 1796 498 1831 non
523 1781 612 1831 melius
636 1781 684 1830 dici
707 1790 787 1845 potest
811 1797 884 1846 quatu
909 1782 948 1831 his
973 1782 1051 1846 ipsius
1073 1783 1200 1848 Euripidis
1223 1786 1349 1836 versiculis
1380 1849 1382 1854 Ι

278 1871 377 1936 (fragm.
394 1873 444 1922 258
459 1872 561 1936 Wagn,
577 1872 627 1922 255
643 1871 734 1930 Dind.;
752 1871 783 1923 cf.
800 1871 923 1921 Valcken.
937 1871 1018 1922 Diatr.
1036 1886 1092 1936 pag.
1108 1874 1180 1933 257):

503 1959 604 2018 ἁπλοῦς
621 1960 635 2009 ὁ
651 1962 745 2025 μῦθος,
761 1962 797 2025 μή
813 1959 865 2024 λέγ’
882 1962 916 2010 εὖ·
934 1961 963 2011 τὸ
980 1963 1029 2026 γὰρ
1045 1960 1126 2026 λέγειν

501 2051 527 2100 εὖ
544 2049 625 2100 δεινόν
642 2051 718 2112 ἐστιν,
736 2049 757 2099 εἰ
773 2049 842 2114 φέροι
858 2052 916 2099 τινὰ
932 2049 1046 2112 βλάβην.

309 2138 319 2170 ²
351 2137 456 2189 Certum
483 2145 533 2197 est,
558 2138 703 2203 Euripidem
728 2139 822 2188 artibus
847 2138 997 2202 palaestricis
1022 2154 1072 2189 non
1097 2140 1202 2190 multum
1227 2139 1348 2193 tribuisse.

278 2230 390 2280 Ducebat
411 2229 453 2279 ille
475 2231 503 2278 τὸ
530 2229 556 2278 εὖ
573 2233 675 2294 φρονεῖν
691 2233 806 2295 κρεῖσσον
822 2233 944 2295 καρτεροῦ
959 2229 1101 2295 βραχίονος
1118 2230 1190 2292 (conf.
1207 2230 1297 2294 fragm.
1318 2246 1350 2280 ex

276 2319 400 2384 Antiope,
417 2321 467 2369 204
484 2320 589 2383 Wagn,
609 2320 656 2369 199
672 2319 773 2382 Dind.);
790 2319 816 2368 in
833 2320 937 2370 athletas
954 2321 1044 2370 acriter
1060 2321 1185 2371 invehitur
1196 2321 1349 2372 versibus28

276 2424 338 2475 quos
353 2425 386 2459 ex
403 2410 529 2474 Autolyco
547 2415 655 2459 serratos
671 2409 813 2459 invenimus
828 2411 895 2474 apud
912 2411 1070 2461 Athenaeum
1082 2411 1116 2472 X,
1125 2427 1180 2476 pag.
1190 2414 1239 2461 413
1248 2412 1347 2476 (fragm.

276 2502 322 2551 281
341 2501 441 2566 Wagn,
457 2501 506 2552 284
523 2500 619 2563 Dind.):

502 2590 575 2640 οὐδὲν
591 2589 679 2640 κάκιόν
695 2591 763 2641 ἐστιν
779 2589 896 2651 ἀθλητῶν
913 2590 1010 2656 γένους.

504 2769 651 2835 ἐμεμψάμην
667 2770 692 2820 δὲ
710 2772 751 2820 καὶ
769 2771 815 2820 τὸν
832 2769 960 2831 Ἑλλήνων
977 2773 1063 2837 νόμον,

504 2861 529 2909 οἳ
546 2859 619 2910 τῶνδ’
635 2859 704 2910 ἕκατι
719 2860 847 2924 σύλλογον
865 2861 1010 2927 ποιούμενοι

502 2948 588 3013 τιμῶσ’
606 2949 722 3014 ἀχρείους
738 2950 833 3010 ἡδονὰς
850 2951 934 3010 δαιτὸς
951 2952 1027 3017 χάριν
1044 2963 1091 3002 ete.

535 3129 630 3193 ἄνδρας
647 3129 692 3178 οὖν
709 3130 786 3193 ἐχρῆν
803 3130 898 3193 σοφούς
915 3149 940 3180 τε
957 3131 1083 3196 κάγαθοὺς

502 3218 607 3282 φύλλοις
623 3215 753 3282 στέφεσθαι
770 3226 815 3270 etc.

277 3307 326 3357 Hic
343 3306 475 3370 Euripides
491 3307 601 3356 imitatus
618 3315 655 3356 est
671 3306 832 3371 Xenophauis
847 3309 941 3370 locum,
958 3323 1031 3374 quem
1048 3309 1104 3374 lege
1116 3312 1180 3374 apud
1189 3310 1347 3362 Athenaeum

278 3397 336 3448 ibid.
354 3396 393 3448 Of.
408 3397 522 3450 Schoem.
539 3396 583 3449 Gr.
601 3397 712 3448 Alterth.
729 3397 764 3458 11,
781 3413 839 3462 pag.
853 3400 893 3453 72.

309 3485 365 3535 Huc
396 3485 472 3534 etiam
503 3484 634 3534 referenda
665 3493 722 3535 sunt
748 3487 837 3536 uuerbe
863 3488 926 3537 dicta
953 3490 983 3537 de
1008 3488 1186 3552 Spartanorum
1211 3490 1347 3553 puellarum

277 3573 379 3638 παιδείᾳ
395 3585 457 3636 quae
473 3571 499 3620 in
516 3573 693 3623 Andromache
711 3573 794 3624 fabule
808 3576 936 3640 leguntur.
970 3576 1034 3638 (Hoc
1050 3577 1137 3628 saltem
1153 3592 1203 3627 non
1218 3595 1235 3628 ιι
1247 3579 1348 3630 Socrate

275 3668 404 3725 eoeeperat
419 3659 562 3724 Euripides,
579 3662 629 3711 vid.
646 3663 711 3713 Plat.
728 3664 792 3728 Rep.
810 3665 844 3722 V,
861 3679 917 3728 pag.
934 3667 984 3719 ⁴57
1000 3667 1041 3716 B:
1056 3666 1069 3715 ὁ
1087 3667 1111 3717 δὲ
1129 3661 1212 3732 γελῶν
1226 3668 1293 3732 ἀνὴρ
1305 3669 1346 3718 ἐπὶ

276 3758 384 3816 γυμναῖς
401 3750 527 3814 γυναιξὶ..
538 3783 560 3798 ..
582 3749 654 3799 οὐδὲν
671 3751 780 3801 οἶδεν...
792 3787 798 3800 .
820 3751 856 3817 ἐφ’
874 3750 894 3816 ᾦ
912 3755 994 3819 γελᾷ.)

308 3841 365 3888 Non
389 3838 513 3888 immerito
537 3838 614 3902 igitur
634 3845 738 3899 statues,
755 3841 881 3904 Euripidis
898 3856 994 3905 quoque
1011 3845 1123 3894 dumata
1139 3846 1165 3894 in
1182 3861 1256 3895 eausa
1271 3846 1346 3895 fuisse

275 3944 319 3978 eur
335 3929 423 3980 Justus
439 3935 522 3977 orator
538 3927 605 3977 Ναὶ).
623 3942 660 3977 vs.
679 3930 743 3979 1052
759 3944 810 3994 sqq.
828 3931 963 3982 exclamet:

762 4018 832 4069 ταῦτ’
849 4021 914 4086 ἐστί,
933 4021 1004 4072 ταῦτ’
1021 4023 1110 4086 ἐκεῖνα,

405 4111 422 4156 ἃ
439 4111 491 4157 τῶν
507 4107 645 4156 νεανίσκων
661 4105 700 4158 αἐἰ
717 4106 747 4156 δι’
763 4108 858 4174 ἡμέρας
874 4111 1025 4161 λαλούντων

406 4197 500 4260 πλῆρες
516 4197 546 4246 τὸ
561 4194 702 4258 βαλανεῖον
719 4202 798 4259 ποιεῖ,
816 4201 892 4257 κενὰς
908 4199 933 4248 δὲ
951 4202 998 4259 τὰς
1015 4202 1184 4269 παλαίστρας.

310 4284 319 4316 ³
352 4285 465 4334 Acheru.
482 4301 517 4336 vs.
535 4288 584 4340 676
601 4301 663 4351 sqq.:

407 4374 430 4424 oi
448 4374 563 4441 γέροντες
579 4376 602 4426 οἱ
621 4378 726 4426 παλαιοὶ
742 4380 900 4444 μεμφόμεσθα
919 4382 952 4446 τῇ
968 4382 1047 4431 πόλει.

366 4471 368 4475 “
407 4465 435 4512 οὐ
454 4466 502 4529 γὰρ
520 4466 595 4523 ἀξίως
613 4465 713 4515 ἐκείνων
730 4464 767 4514 ὧν
783 4467 993 4534 ἐναυμαχήσαμεν
