3222 5170
783 429 824 490 88

316 609 379 678 Sed
414 612 474 677 hoc
509 613 618 698 ipsum
652 616 734 677 erat⁴
754 611 841 697 quod
865 608 1061 695 improbavit
1087 604 1343 690 Aristophanem

269 725 394 791 scilicet
416 726 468 790 hic
492 747 619 811 quoque
642 725 802 791 comicum
826 731 858 790 et
883 722 1044 809 tragicum
1068 722 1237 788 dividebat
1260 720 1342 786 illud

270 838 442 904 discrimen
462 837 532 923 jam
553 837 681 924 saepius
696 843 867 922 notatum,
881 858 1002 902 novum
1015 836 1101 901 inter
1113 839 1147 900 et
1162 832 1343 918 antiquum.

271 950 376 1030 Quam
411 949 547 1017 obscura
577 959 610 1017 et
627 951 742 1036 jejuna
764 957 852 1016 esset
874 952 945 1016 vita
967 948 1142 1014 mulierum
1165 945 1346 1012 Athenien-

271 1063 358 1128 sium
370 1068 404 1129 et
413 1084 512 1148 quem
523 1085 623 1148 parva
635 1063 806 1130 haberetur
818 1086 929 1130 earum
942 1064 1037 1146 ratio,
1051 1062 1131 1128 satis
1145 1064 1260 1126 notum
1279 1063 1346 1136 est3

271 1174 432 1259 ingenuae
454 1174 598 1260 puellae,
622 1175 801 1261 parietibus
824 1173 999 1262 paternae,
1026 1174 1143 1241 deinde
1166 1171 1346 1257 conjugalis

273 1277 390 1352 (lomus
412 1286 574 1371 inclusae,
591 1287 675 1352 nihil
690 1288 782 1354 aliud
791 1289 854 1354 sibi
867 1288 1068 1378 destinatum
1081 1285 1236 1352 videbant
1249 1305 1346 1371 quam

274 1413 312 1464 ut
342 1397 460 1464 liberos
486 1406 691 1485 procrearent
718 1407 752 1468 et
774 1423 939 1468 servarum
964 1401 1102 1487 opificiis
1123 1404 1309 1485 praeessent
1326 1402 1347 1474 ¹3

273 1533 377 1595 neque
410 1511 451 1575 ad
489 1533 542 1577 eas
577 1511 753 1579 afferebant
787 1513 876 1598 proci
920 1513 1086 1578 flammam
1121 1513 1348 1580 intemeratam

273 1786 317 1834 “in
333 1785 401 1834 ihrer
418 1785 468 1834 Art
485 1798 534 1834 von
551 1783 596 1836 der
611 1784 726 1847 gudesten
742 1783 893 1843 Sohdnheit5
909 1783 968 1833 aber
976 1784 1011 1832 sie
1020 1782 1075 1831 sind
1085 1783 1169 1832 weder
1183 1781 1349 1831 kinstlerisch

272 1874 352 1924 “noch
376 1874 467 1924 sittlich
491 1873 558 1935 rein,
583 1874 634 1922 eud
659 1874 842 1939 Aristophanes
863 1873 997 1932 Vorwuri,
1014 1875 1070 1923 dass
1085 1875 1129 1922 der
1146 1873 1252 1924 Dichter
1278 1874 1351 1923 keine

273 1965 417 2028 “Penelope
433 1979 464 2012 au
481 1963 603 2014 schilderu
620 1966 751 2028 remige,
768 1963 939 2013 vollkemmen
955 1962 1118 2026 begnindet.”

308 2055 357 2107 Hie
381 2061 463 2102 tamma
480 2052 561 2102 virum
578 2066 698 2116 magnum
715 2053 778 2101 duas
794 2067 834 2102 res
850 2052 1002 2102 confundere
1017 2051 1114 2115 opinor.
1146 2050 1237 2101 Altera
1252 2052 1350 2116 quidem

276 2144 302 2199 ln
320 2139 432 2190 confesso
448 2124 660 2204 esr,'1uuripidem
678 2142 861 2190 commovendis
878 2155 1027 2207 quocunque
1037 2144 1110 2192 mode
1121 2141 1263 2205 pectoribus
1271 2141 1351 2190 inten-

275 2241 342 2290 tum,
364 2246 413 2281 non
430 2245 471 2280 eas
487 2231 595 2294 tragicas
612 2245 730 2294 permees
746 2232 794 2282 sibi
810 2233 979 2296 depingendae
996 2233 1089 2296 eligere
1106 2247 1169 2296 quae
1186 2247 1282 2283 morum
1299 2240 1351 2281 tan·

275 2329 330 2369 tum
345 2320 451 2383 puritate
467 2318 612 2383 ingeniique
627 2320 735 2369 caudore
745 2334 772 2370 se
783 2323 971 2382 commendent,
983 2323 1026 2371 scd
1037 2321 1099 2372 tales
1110 2322 1276 2386 potissimum,
1287 2335 1352 2385 quae

278 2409 394 2459 violentis
409 2408 487 2459 animi
502 2408 610 2458 motibus
625 2409 734 2485 agitatae
750 2416 776 2459 et
793 2409 926 2474 insigniter
943 2409 1068 2470 infelices,
1084 2410 1229 2475 spectaturis
1242 2417 1352 2460 mentem

276 2514 350 2563 quam
374 2499 485 2550 maxims
511 2497 620 2548 afficiunt
642 2499 924 2564 quaerensquaerens
941 2500 1053 2550 misereri
1070 2508 1169 2565 cogant.
1203 2499 1281 2564 Atqui
1297 2499 1354 2556 hee,

278 2588 390 2652 quamvis
406 2602 507 2651 verum,
525 2602 574 2637 nou
590 2588 748 2652 vituperetur
763 2588 816 2638 loco
832 2604 847 2639 e
864 2589 1130 2655 Thesmophoriaausis
1141 2589 1225 2648 allato,
1235 2589 1280 2638 sed
1288 2589 1353 2652 quud

276 2679 410 2742 Euripides
434 2678 552 2729 mulieres
577 2678 662 2727 ombus
685 2679 766 2742 potius
788 2694 862 2742 qnam
886 2679 963 2729 bones
985 2681 1012 2728 in
1028 2694 1128 2730 scenmn
1144 2678 1251 2729 duxerit.
1284 2678 1354 2726 Istuc

277 2783 338 2818 vcro
363 2769 386 2818 ei
414 2784 463 2819 non
488 2768 579 2835 injuris
603 2770 635 2818 ab
657 2769 828 2833 Aristophane
848 2783 902 2820 esse
924 2769 1060 2835 objectum,
1079 2785 1128 2820 neu
1145 2768 1207 2817 mihi
1224 2767 1355 2830 persuadet

279 2835 462 2916 Mommseuus,
481 2884 513 2894 -
530 2857 579 2906 nisi
595 2856 660 2907 forte
675 2858 808 2923 Polyxena
823 2872 921 2922 quoque
936 2873 1009 2922 quam
1020 2858 1146 2917 nominet,
1155 2856 1196 2907 vel
1209 2855 1355 2920 Iphigenia,

279 2949 406 3008 πονηραῖς
422 2918 594 3030 pboiipsbquam
611 2945 721 3011 σώφροσι
735 2945 884 2996 mulieribus
900 2947 934 2995 sit
949 2946 1107 2996 accensenda¹

314 3034 321 3066 ¹
341 3035 377 3084 Ut
393 3048 448 3083 rem
463 3034 524 3084 satis
540 3035 667 3098 cognitam
683 3050 734 3084 uno
752 3037 871 3100 exemplo
886 3036 1025 3096 illustrem,
1039 3037 1103 3086 bene
1113 3035 1175 3085 mihi
1186 3034 1287 3084 videtur
1297 3048 1354 3082 cum

281 3107 457 3187 Aristophanis
474 3129 528 3172 tum
544 3134 699 3173 caeterorum
715 3124 768 3188 ejus
785 3126 905 3190 temporis
923 3125 1051 3176 hominnm
1069 3126 1153 3189 opinio
1168 3127 1200 3174 de
1210 3122 1355 3174 mulieribus

280 3212 388 3276 exprimi
404 3211 486 3261 verbis
502 3226 566 3275 quae
583 3212 664 3276 primo
680 3219 767 3282 poetae
784 3214 891 3274 comico,
911 3214 1051 3273 sasserlum,
1068 3214 1238 3264 attribuuntur
1253 3228 1268 3261 a
1286 3211 1358 3260 scho-

281 3300 352 3349 liasta
368 3299 485 3365 Dionysii
501 3300 593 3351 Thrac.
610 3317 667 3366 pag.
684 3302 745 3353 748:

414 3403 416 3409 ·
540 3389 642 3445 ἀκούετε
657 3392 733 3453 λεώς,
753 3392 899 3458 Σουσαρίων
916 3392 981 3459 λέγει
997 3392 1070 3455 τάδε,

540 3480 593 3538 υἱὸς
610 3481 728 3544 Φιλίνου,
746 3482 892 3548 Μεγαρόθεν
908 3483 1096 3548 Τριποδίσκιος·

542 3573 620 3620 κακὸν
633 3576 764 3636 γυναῖκες·
782 3570 839 3621 ἀλλ’
857 3571 936 3636 ὅμως,
954 3574 973 3621 ὦ
991 3572 1109 3637 δημόται,

542 3662 588 3710 oba
604 3661 675 3711 ἔστιν
691 3661 768 3711 οἰκεῖν
785 3660 868 3711 οἰκίαν
884 3662 944 3712 ἄνευ
961 3666 1046 3712 κακοῦ.

284 3751 325 3811 (ex
335 3747 442 3799 Stobaeo
454 3749 526 3812 adde)
544 3753 585 3798 καὶ
601 3753 650 3815 γὰρ
667 3751 695 3800 τὸ
713 3753 790 3815 γῆμαι
811 3751 853 3799 καὶ
870 3750 898 3799 rb
915 3751 950 3814 μή
966 3755 1046 3818 γῆμαι
1063 3754 1149 3803 κακόν.

314 3839 394 3888 Juvat
408 3837 545 3901 appingere
571 3838 646 3887 verba
670 3838 769 3888 Metelli
794 3838 920 3888 Numidici
944 3853 976 3889 ex
992 3840 1117 3900 oratione,
1133 3856 1208 3905 quam
1225 3841 1357 3906 Augustus

282 3927 397 3976 recitavit
420 3942 495 3991 quum
521 3928 552 3976 de
573 3929 719 3977 maritandis
739 3927 868 3977 ordinibus
885 3929 980 3992 egitir
997 3937 1099 3980 senatu:
1116 3930 1222 3980 “sisiue
1240 3931 1357 3980 uxoribus

282 4020 425 4080 “possemus
450 4015 561 4076 Quirites
585 4030 653 4075 csse,
676 4031 763 4065 omnes
783 4031 812 4065 ea
829 4016 943 4066 molestia
960 4031 1114 4075 careremus;
1130 4020 1174 4068 sed
1190 4020 1306 4083 quonium
1323 4020 1358 4069 ita

283 4109 389 4155 “nature
411 4105 525 4164 tradidit,
547 4114 576 4155 ut
595 4119 640 4155 nec
656 4121 713 4154 cum
730 4104 779 4154 illis
795 4106 856 4154 satis
873 4107 1000 4155 commode
1017 4109 1135 4155 necatae
1151 4106 1201 4156 illis
1217 4107 1357 4157 ullomodo

284 4194 353 4242 “vivi
369 4194 459 4257 possit,
475 4194 549 4244 saluti
566 4201 699 4258 perpetuae
716 4196 797 4258 potius
809 4208 882 4258 quam
893 4193 964 4244 brevi
973 4196 1096 4259 voluptati
1108 4197 1282 4246 consulendum
1295 4194 1357 4246 est.''

285 4282 361 4344 (Gall.
378 4283 404 4341 1,
423 4284 450 4342 6;
468 4283 499 4332 cf.
517 4284 572 4336 niv.
589 4283 699 4348 Epitcm.
718 4283 761 4341 59,
778 4275 848 4334 Suet.
866 4283 953 4334 Octav.
969 4285 1021 4348 89).

317 4371 440 4422 Permulti
463 4373 512 4421 leci
537 4371 688 4422 scenicorum
713 4374 743 4420 de
769 4373 913 4421 mulieribus
938 4375 1114 4424 contumeliose
1140 4375 1277 4425 locuturum
1294 4376 1358 4438 apud
1433 4369 1441 4384 '

284 4461 443 4511 Athenaeum
459 4461 577 4524 leguntur
594 4463 619 4510 in
637 4461 700 4510 libro
717 4461 795 4512 XlIl.
