3216 5154
798 415 837 474 14

284 598 367 662 inter
397 618 508 662 omnes
537 596 610 661 illos
639 597 710 682 pios
737 597 870 662 deorum
896 597 1033 662 cultores
1056 618 1200 681 unquam
1224 598 1263 664 de
1286 598 1348 662 diis

284 711 365 775 serio
389 709 601 794 cogitaverat,
624 716 657 775 et
680 732 717 774 ea
740 731 821 796 quae
845 709 976 774 auribus
1000 719 1165 795 acceperat
1178 709 1239 789 ,vel
1250 710 1348 775 labris

283 823 453 888 enunciare
483 822 607 887 solebat
630 823 664 886 in
687 823 833 888 animum
856 843 983 907 quoque
1005 822 1144 906 recipere
1168 821 1273 886 fuerat
1295 844 1348 889 co-

283 937 399 1002 natus?
429 935 515 1000 Fieri
538 957 615 1000 sane
637 940 745 1020 potest
768 941 806 1000 ut
829 956 940 1000 caecus
964 935 1096 1020 quidam
1112 935 1233 1018 horror,
1251 935 1350 1000 insita

283 1049 441 1132 quaedam
469 1048 648 1113 reverentia
676 1049 865 1114 coelicolum
889 1048 1098 1114 comitaretur
1121 1049 1201 1114 istos
1224 1050 1306 1115 ritus
1331 1073 1350 1114 a

283 1160 458 1247 majoribus
489 1166 654 1246 acceptos3
690 1162 746 1227 sed
780 1183 845 1226 non
876 1167 985 1228 tamen
1020 1161 1235 1226 dubitandum
1269 1168 1349 1246 puto

283 1274 361 1360 quin
386 1274 425 1339 de
447 1273 560 1339 Attica
579 1273 701 1359 pietate
719 1274 792 1358 jure
815 1275 920 1339 dicere
943 1275 1048 1360 possis
1071 1274 1157 1360 quod
1179 1275 1291 1360 vulpes
1311 1277 1350 1340 de

283 1398 420 1472 persona
452 1388 533 1451 bene
567 1386 669 1452 facta:
702 1393 771 1453 tam
801 1388 924 1453 bellum
958 1392 1056 1472 caput
1087 1387 1251 1452 cerebrum
1284 1410 1350 1454 non

283 1503 398 1580 habet3
423 1509 514 1567 extra
536 1501 650 1566 decora
672 1502 793 1586 multa,
817 1502 907 1567 intus
931 1502 1028 1569 solidi
1045 1503 1137 1567 nihil.

328 1614 392 1681 Sed
420 1614 524 1699 pietas
554 1612 630 1696 illa,
655 1610 875 1699 δεισιδαιμονίᾳ
897 1614 1021 1697 vicina,
1046 1635 1110 1700 quo
1132 1615 1242 1680 minus
1266 1615 1349 1680 altas

284 1731 401 1816 agebat
432 1728 570 1810 radices,
599 1749 636 1793 οο
659 1728 881 1812 impatientior
903 1733 972 1794 erat
994 1729 1254 1814 disputationum
1276 1727 1350 1813 phi-

284 1843 531 1927 losophicarum.
581 1843 634 1908 Sic
666 1841 771 1907 arbori
802 1840 939 1907 firmiter
969 1842 1038 1907 solo
1061 1841 1243 1907 inhaerenti
1266 1840 1350 1922 pihil

284 1958 375 2021 obest
406 1955 435 2021 si
466 1955 626 2040 serpentia
658 1955 742 2020 circa
773 1955 888 2039 pedem
918 1955 997 2020 lolia
1020 1955 1116 2020 tollas
1139 1975 1351 2039 museumque

284 2094 304 2135 0
336 2069 453 2135 cortice
483 2068 620 2151 avellas,
654 2067 711 2132 sed
744 2067 853 2152 potius
887 2068 1048 2153 proderit,
1078 2066 1250 2154 patefactis
1285 2067 1351 2132 adri

285 2183 477 2269 pluviaeque
506 2181 648 2246 aditibus
672 2181 758 2246 unde
780 2202 881 2246 novos
905 2203 1016 2247 succos
1040 2183 1137 2248 ducat
1144 2209 1153 2261 3
1178 2183 1235 2247 sed
1258 2185 1351 2246 caute

284 2303 425 2362 rastrum
457 2294 648 2379 agitandum
679 2294 740 2360 erit
769 2295 854 2360 inter
887 2295 1003 2380 stirpes
1038 2296 1176 2361 cariosas
1200 2300 1233 2360 01
1256 2293 1349 2359 annis

284 2431 411 2492 exesas,
445 2430 486 2472 ne
516 2428 590 2472 eum
621 2407 792 2473 inutilibus
815 2409 923 2474 herbis
947 2409 1153 2475 succidantur
1177 2407 1276 2474 simul
1298 2429 1350 2471 ra-

284 2521 386 2603 dices,
411 2541 492 2606 quae
515 2526 689 2604 supersunt
710 2543 831 2606 paucae
855 2530 888 2587 01
901 2527 1022 2607 putres.
1050 2561 1091 2572 —-
1113 2521 1349 2606 Aristophanes

285 2635 367 2700 mihi
389 2633 517 2699 videtur
539 2634 599 2698 hac
621 2633 656 2698 in
678 2640 769 2719 parte
793 2635 910 2702 similis
934 2635 1036 2701 fuisse
1058 2635 1220 2721 plerisque
1241 2657 1259 2700 e
1283 2634 1349 2699 suis

285 2748 418 2814 civibus.
467 2747 516 2812 De
538 2746 632 2812 rebus
657 2748 846 2834 theologicis
869 2771 984 2834 parum
1008 2749 1223 2834 cogitaverat3
1237 2748 1277 2813 de
1288 2747 1350 2812 diis

285 2882 364 2926 num
405 2866 514 2926 essent
555 2860 702 2926 dubitare
753 2861 809 2926 vix
852 2867 997 2948 poterat,
1042 2883 1142 2948 quum
1185 2881 1351 2946 nunquam

286 2974 367 3039 serio
391 2973 432 3038 ad
458 2974 541 3038 hanc
568 2995 700 3058 gravem
731 2976 952 3060 quaestionem
984 2973 1131 3040 animum
1154 2973 1349 3051 attenderet3

285 3086 420 3152 ridicule
450 3086 639 3171 saepissime
666 3109 720 3152 eos
750 3088 916 3173 depinxit,
941 3088 998 3153 sed
1020 3109 1214 3173 magnopere
1242 3091 1351 3151 tamen
1440 3101 1441 3104 ’

286 3199 520 3266 succensuisset
543 3197 571 3263 01
595 3198 668 3283 quis
691 3199 721 3263 ei
744 3199 931 3284 objecisset,
955 3223 993 3266 00
1017 3222 1098 3285 quae
1112 3222 1170 3285 per
1181 3200 1271 3285 jocos
1286 3220 1351 3263 non

285 3334 356 3378 raro
382 3301 604 3377 scurriles‘de
627 3312 690 3377 diis
714 3313 746 3377 in
773 3335 869 3378 scena
891 3314 1029 3396 diceret,
1056 3313 1234 3400 impietatis
1256 3333 1351 3397 posse

286 3425 388 3512 argui.
414 3424 614 3490 Deridendos
637 3425 787 3509 praebuit
807 3447 873 3491 non
895 3427 991 3492 modo
1007 3449 1099 3493 senes
1114 3424 1352 3512 σιβυλλιῶντος

287 3546 320 3606 01
343 3537 592 3628 χρησμολόγους
614 3540 743 3604 oracula
765 3539 968 3605 venditantes
988 3541 1010 3624 ¹,
1043 3563 1108 3605 non
1131 3546 1259 3606 tantum
1276 3541 1351 3605 deo-

286 3677 359 3720 rum
382 3652 548 3718 ministros
573 3652 773 3738 Lamponem
787 3653 812 3736 ³,
840 3653 1044 3738 Diopithen·³
1062 3653 1172 3738 jocose
1189 3653 1351 3734 tractavit,

183 3781 186 3789 '
287 3768 344 3835 sed
366 3768 454 3852 ipsos
478 3786 603 3850 quoque
627 3765 702 3831 deos
725 3766 847 3851 patrios
872 3788 1001 3831 summa
1023 3788 1097 3834 cum
1119 3767 1270 3831 libertate
1286 3771 1351 3830 tra-

287 3881 390 3948 duxit.
440 3878 616 3965 Hercules,
653 3884 690 3943 ut
724 3879 805 3944 alter
839 3878 984 3962 Esavns,
1019 3879 1136 3944 stolide
1171 3899 1287 3961 vorari,
1320 3883 1353 3941 et

286 4017 363 4082 prae
387 3990 573 4058 succulento
596 3992 666 4057 cibo
685 3991 760 4077 jura
771 3991 924 4077 coelitum
936 3992 1019 4057 nihil
1030 4014 1163 4075 curans,
1180 3992 1215 4055 iu
1226 3989 1352 4056 Avibus

287 4112 320 4172 et
353 4105 388 4169 in
419 4105 519 4168 Ranis
544 4104 625 4169 risui
659 4111 723 4182 est;
753 4104 917 4188 Dionysus
940 4105 1078 4190 turpiter
1100 4105 1257 4190 ignavus,
1282 4103 1352 4188 glo-

321 4294 327 4324 ¹
345 4294 375 4342 1n
392 4291 538 4354 Equitibus,
555 4291 665 4350 Avibus,
682 4291 827 4355 Lysistratu.

320 4381 377 4430 2Ιιι
393 4381 490 4431 Avibus
507 4383 647 4431 0052201
664 4383 719 4430 983.

321 4471 330 4504 ³
348 4471 431 4534 Equis.
449 4486 484 4518 vs.
505 4473 573 4520 1085.
