3222 5170
779 425 819 487 87

256 610 291 673 in
314 632 351 676 ea
374 615 449 696 agat
473 615 590 695 partes.
617 609 729 695 Neque
753 610 853 676 molas
876 610 984 692 solum
1003 609 1154 675 mulieres
1179 609 1333 691 cantavit,

256 724 312 788 sed
345 723 446 789 etiam
475 723 655 809 permultas
679 723 822 808 virgines
846 731 879 788 et
903 744 1018 788 uxores
1042 722 1257 815 admiratione
1281 721 1332 787 vel

256 835 462 912 miseratione
496 836 717 923 dignissimas.
755 836 829 902 Non
854 837 957 901 diram
982 837 1078 902 modo
1103 837 1156 921 (ut
1178 859 1195 901 e
1218 858 1330 921 super-

218 955 221 960 ’
255 948 387 1020 stitibus
426 943 555 1016 tautum
589 949 745 1016 dramatis
777 950 927 1035 exempla
953 951 1079 1036 petam)
1118 950 1266 1016 Medeam
1299 956 1331 1014 et

257 1063 436 1128 Phaedram
472 1063 619 1129 adultera
650 1062 784 1128 flamma
810 1064 976 1129 ardentem
1004 1064 1100 1129 duxit
1123 1063 1157 1127 in
1182 1084 1331 1145 scenam,

256 1197 320 1240 non
345 1175 509 1242 Electram
533 1177 629 1241 modo
653 1176 815 1242 immitem
838 1177 928 1242 etin
954 1177 1032 1242 Ione
1056 1175 1211 1242 Oreiisam
1232 1169 1332 1242 scele-

256 1294 356 1370 stam,
382 1289 438 1354 sed
462 1290 561 1354 etiam
574 1285 782 1376 Iphigeniam
794 1289 967 1356 amabilem
979 1310 1157 1375 puramque
1168 1289 1330 1375 puellam,

256 1400 457 1484 Polyxenam
488 1394 677 1487 generosam
710 1403 816 1489 regiae
840 1403 955 1468 domus
978 1403 1140 1485 sobolem,
1165 1403 1331 1488 Megaram

255 1515 388 1600 dignam
425 1514 565 1581 Hercule
600 1517 734 1600 marito,
760 1498 944 1582 ¹Macariam
981 1515 1141 1602 intrepide
1175 1519 1273 1583 morti
1297 1539 1331 1583 se
1426 1553 1430 1558 ·

255 1627 460 1728 offerentem3
496 1649 562 1694 non
598 1629 756 1694 minorem
793 1628 826 1692 in
864 1629 1051 1695 Phoenissis
1085 1630 1216 1696 Jocaste
1239 1631 1333 1714 nobis

254 1739 361 1825 injicit
384 1741 436 1808 sui
459 1741 711 1806 misericordiam
737 1763 835 1829 quam
861 1742 1039 1827 Sophoclea
1062 1741 1138 1820 illa3
1162 1742 1330 1808 Alcestide

254 1876 319 1920 non
350 1860 459 1940 potest
480 1855 563 1940 fingi
586 1877 667 1920 uxor
691 1854 839 1941 conjugis
863 1855 1041 1934 amunti0r3
1069 1855 1204 1922 Hecuba
1228 1857 1329 1922 siccos

254 1991 319 2034 nou
353 1969 434 2034 sinit
467 1987 597 2034 manere
631 1969 761 2050 oculos,
795 1974 828 2035 et
864 1968 968 2054 magis
1003 1969 1104 2034 etiam
1131 1976 1276 2036 moveret
1302 1971 1329 2035 si

254 2081 421 2167 aliquanto
445 2082 554 2147 minus
578 2083 713 2148 verbosa
736 2088 821 2148 esset
844 2087 877 2147 et
900 2087 1002 2147 atrox.
1028 2082 1217 2148 Absurdum
1229 2082 1332 2168 igitur

253 2195 281 2259 si
304 2194 427 2280 tragico
450 2195 601 2281 objicitur
623 2197 710 2283 quod
733 2196 919 2282 Penelopen
944 2201 1068 2261 castam
1094 2218 1160 2262 non
1187 2197 1327 2262 celebra*

254 2310 307 2391 rit,
322 2308 502 2374 Phaedram
527 2310 801 2398 Menalippenque
818 2309 1000 2395 impudicas
1025 2310 1234 2376 celebraverit
1252 2320 1272 2394 ¹,
1298 2317 1331 2376 et
1388 2395 1391 2402 .

254 2422 348 2487 illum
378 2430 463 2488 certe
500 2423 905 2510 Thesmophoriazusarum
944 2424 1051 2489 locum
1087 2445 1264 2490 annumero
1289 2425 1328 2490 iis

254 2536 512 2602 accusationibus
537 2559 616 2623 quas
637 2538 705 2603 sive
717 2537 848 2619 Attica,
864 2559 946 2623 quae
961 2537 1007 2602 ibi
1019 2537 1181 2623 loquitur,
1195 2537 1329 2620 mulier,

254 2649 322 2715 sive
358 2649 428 2736 ipse
460 2650 696 2736 Aristophanes
731 2656 850 2716 temere
873 2651 908 2714 in
933 2649 1125 2734 Euripidem
1142 2650 1282 2736 jactavit
1296 2659 1328 2727 23

254 2785 331 2828 uam
356 2764 385 2829 si
405 2763 445 2830 de
454 2786 521 2829 una
534 2764 696 2849 Penelope
708 2764 827 2849 tacuit,
841 2771 876 2830 at
892 2763 975 2829 aliae
985 2764 1168 2849 complures
1181 2764 1329 2860 egregiae

255 2876 405 2941 heroiuae
428 2875 497 2961 ejus
522 2877 697 2962 tragoediis
722 2877 841 2943 debent
872 2876 994 2942 famam
1017 2876 1235 2942 immortalem
1251 2885 1272 2942 ³.

287 3127 292 3156 ¹
328 3125 481 3189 Thesmoph.
497 3139 533 3173 vs.
550 3127 599 3175 546
617 3140 682 3189 sqq.:

370 3213 494 3274 ’ἐπίτηδες
511 3213 631 3278 εὑρίσκων
646 3215 752 3279 λόγους,
774 3213 840 3262 ὅπου
858 3215 922 3278 γυνὴ
941 3205 1041 3276 πὸνηρὰ

381 3301 492 3367 ἐγένετο,
511 3304 684 3360 Μελανίππας
703 3308 784 3352 ποιῶν
793 3303 913 3366 ’Φαίδρας
931 3317 969 3350 πε·
989 3304 1141 3364 Πηνελόπην
1159 3304 1182 3353 δὲ

383 3393 513 3442 οὐπώποτ’
531 3393 638 3456 ἐποίησ’,
656 3393 776 3458 ὅπι’γυνὴ
793 3394 898 3458 σώφρων
915 3392 999 3447 ἔδοξεν
1016 3395 1087 3464 εἶναι.

285 3483 295 3514 ²
328 3483 397 3544 Quae
423 3481 497 3530 etium
523 3489 560 3529 est
584 3482 667 3545 opinio
684 3483 716 3531 K.
736 3481 766 3532 Ο.
784 3481 887 3530 Mulleri
904 3481 994 3533 Gesch.
1012 3483 1056 3530 der
1073 3481 1118 3531 Gr.
1137 3482 1186 3531 Lu.
1205 3483 1247 3540 11,
1268 3484 1326 3532 146:

253 3575 330 3626 “Man
346 3575 414 3642 lrann
431 3573 614 3628 nannenten,
632 3573 679 3620 wie
696 3572 778 3620 vielon
797 3572 904 3621 Austoss
921 3572 1167 3622 diesHervorziehcn
1177 3573 1327 3623 derFrauen

254 3671 314 3715 “aus
329 3666 373 3714 der
390 3663 531 3713 hduslichen
548 3662 746 3726 Beschr'a'nkuug
765 3663 815 3711 und
833 3663 1113 3726 Zuriickgerogcnhcit,
1130 3663 1157 3711 in
1174 3662 1282 3711 welcher
1293 3663 1328 3712 sie

190 3819 193 3824 Ι
251 3756 294 3803 “iu
319 3755 405 3804 Athen
429 3753 521 3811 lebten,
548 3733 631 3815 geben
656 3759 761 3808 musste;
778 3752 838 3801 aber
856 3767 882 3802 es
898 3753 976 3802 haisst
992 3754 1048 3800 uem
1065 3752 1198 3815 Euripides
1214 3752 1328 3801 Unreoht

252 3844 330 3894 “than
354 3857 427 3892 wenn
452 3855 509 3890 man
534 3841 590 3899 ibn,
617 3840 665 3889 wie
691 3840 873 3903 Aristophanes
890 3841 979 3904 pflcgt,
996 3857 1028 3889 zu
1045 3841 1119 3890 einen
1136 3842 1327 3900 Weiberhasser

253 3933 361 3990 “muchu
387 3931 456 3981 seina
480 3931 699 3993 Behandlungsart
723 3931 780 3979 thut
802 3932 849 3979 den
867 3932 966 3980 Frauen
985 3931 1138 3993 wenigstens
1155 3932 1217 3980 eben
1234 3946 1261 3980 so
1278 3931 1327 3981 vicl

254 4025 337 4074 “Ehre
353 4024 401 4073 wie
418 4023 539 4074 Sohmarh
556 4023 613 4072 au.”
630 4049 661 4060 -
678 4022 740 4072 Vid.
758 4022 831 4072 etium
849 4023 906 4072 ibid.
923 4039 980 4086 pag.
997 4025 1054 4077 247.

286 4115 296 4144 ³
329 4113 414 4164 Aliter
427 4113 554 4176 judicatur
571 4126 585 4159 a
602 4112 772 4172 Mommreno,
795 4111 881 4174 quiin
898 4111 986 4162 ultimo
1002 4113 1081 4175 capite
1098 4112 1172 4175 primi
1189 4111 1249 4162 tomi
1266 4126 1326 4160 suae

254 4199 377 4254 Historiae
402 4203 530 4254 &manae
547 4201 746 4264 elegantissime,
769 4201 814 4250 etsi
830 4215 875 4264 pro
892 4216 936 4250 suo
952 4202 1054 4251 oonsilio
1070 4202 1189 4258 breviter,
1206 4202 1236 4249 de
1254 4200 1326 4249 Iluri·

254 4293 311 4356 pide
327 4293 461 4354 disserens,
479 4293 513 4341 ita
535 4291 622 4340 scribit
641 4291 689 4351 (ed.
706 4299 792 4339 sextae
809 4307 864 4354 pag.
883 4293 954 4354 908):
988 4292 1054 4340 “Die
1069 4291 1270 4362 §childerungcu
1281 4299 1325 4338 cer

255 4379 348 4444 “willig
365 4381 511 4430 storbonden
530 4381 669 4444 Polyxena,
687 4382 731 4428 der
748 4395 792 4428 vor
813 4381 954 4443 gebeimem
971 4380 1132 4444 Liebesgram
1149 4379 1325 4442 vergehenden

256 4469 398 4527 “Phaedra‚
416 4485 460 4518 vor
476 4470 549 4519 allern
566 4470 605 4520 die
622 4469 773 4532 prachtrolle
792 4473 836 4520 der
852 4471 970 4533 mystisch
987 4467 1326 4522 verahcltenssakchensind
