3216 5154
787 408 828 469 26

275 598 404 678 poetam
437 591 611 674 nimirum,
646 591 708 656 diis
738 593 852 677 patriis
883 592 979 658 fidem
1006 593 1198 676 habentem,
1229 600 1262 658 et
1292 617 1344 658 so·
1390 672 1394 681 ι

274 707 428 789 phistam,
453 704 589 770 liberam
611 705 768 770 rationem
792 707 957 791 cogitandi
980 713 1013 771 et
1023 707 1195 771 dubitandi
1208 728 1344 792 sequen·
1375 721 1380 730 '

276 827 359 896 tem3
381 820 477 884 homo
498 820 585 883 enim
611 841 714 905 neque
738 826 788 884 est
808 819 1033 902 chamaeleon,
1048 841 1143 904 quem
1156 819 1345 884 fabulantur

273 953 330 1014 pro
352 935 396 996 ‘ro
426 939 504 996 nata
526 939 651 998 mutare
671 934 827 1016 colerem,
852 955 956 1018 neque
979 955 1019 997 ex
1041 934 1176 998 diversis
1197 934 1344 1018 partibus

273 1045 490 1130 compositus,
512 1046 568 1111 sed
591 1068 676 1111 unus
699 1055 749 1112 est
773 1053 806 1111 et
828 1047 931 1112 dividi
958 1048 1078 1133 nequit.
1119 1047 1190 1113 Hoc
1214 1055 1344 1112 tantum

273 1158 404 1222 concedi
434 1165 563 1243 posset,
592 1158 782 1244 Euripidem
807 1159 885 1226 dum
909 1181 1025 1244 poema
1048 1159 1199 1224 conderet
1217 1159 1342 1244 aliqua-

274 1276 368 1335 tenus
392 1269 454 1334 sibi
479 1271 678 1355 persuasisse
702 1260 777 1337 deos
800 1272 839 1336 de
862 1273 978 1356 quibus
1001 1279 1129 1338 caneret
1141 1273 1241 1337 etiam
1253 1282 1345 1338 extra

273 1392 440 1467 poetarum
463 1383 618 1450 fictiones
634 1392 761 1466 extare,
784 1385 848 1450 nisi
872 1386 956 1450 hane
978 1407 1104 1471 quoque
1121 1385 1343 1450 defensionem

273 1497 341 1560 suis
366 1496 428 1560 sibi
455 1497 585 1581 seriptis
609 1496 814 1582 praecideret.
863 1497 1039 1583 Nunquam
1063 1499 1150 1563 enim
1173 1505 1285 1564 tantus
1314 1500 1343 1563 ei

273 1611 337 1674 luit
358 1612 451 1675 ardor
474 1610 624 1695 furorque
647 1611 792 1695 poeticus
820 1619 855 1676 ut
878 1613 975 1697 plane
998 1614 1241 1679 oblivisceretur
1257 1635 1291 1678 se
1307 1596 1344 1678 ea

273 1724 409 1788 scribere
440 1745 521 1809 quae
544 1745 608 1788 non
634 1745 707 1788 vera
728 1707 866 1790 duceret.
916 1726 1009 1805 Quod
1033 1727 1167 1810 probare
1190 1749 1253 1790 non
1280 1726 1343 1791 dif-

272 1835 357 1901 ficile
392 1841 450 1901 est.
500 1835 602 1920 Saepe
629 1837 663 1899 in
702 1835 770 1920 ejus
804 1835 978 1920 tragoediis
1003 1847 1175 1904 occurrunt
1201 1839 1262 1905 loci
1288 1841 1343 1905 ubi

272 1971 336 2014 non
369 1949 509 2034 amplius
542 1953 637 2032 poeta
662 1948 831 2031 theologus
853 1948 1008 2032 loquitur,
1033 1949 1089 2014 sed
1111 1951 1341 2037 philosophus,

273 2060 364 2148 eujus
393 2062 573 2127 sententiae
595 2061 757 2125 interdum
782 2082 855 2125 curn
882 2061 981 2127 totius
1006 2063 1135 2128 fabulae
1157 2066 1344 2131 oeconomia

273 2181 422 2260 pugnant
437 2183 457 2239 ¹.
505 2173 682 2238 Videamus
713 2174 810 2237 modo
840 2174 1012 2240 Herculem
1044 2176 1222 2261 furentem,
1252 2178 1342 2264 cujus

272 2287 401 2352 fabulae
434 2288 529 2352 cardo
562 2293 611 2352 est
640 2281 782 2351 Junonis
805 2309 900 2352 saeva
926 2289 973 2353 ira
994 2289 1026 2352 in
1050 2289 1225 2355 Herculem
1247 2292 1344 2376 plane

273 2401 451 2482 insontem,
494 2402 541 2464 ita
582 2408 618 2464 ut
654 2422 717 2464 nen
760 2399 878 2485 injuria
918 2403 1008 2486 queri
1047 2404 1152 2487 possit
1187 2404 1342 2469 Hercules

273 2535 317 2578 vs
344 2516 427 2578 1307
453 2536 540 2598 sqq.:

871 2633 996 2717 τοιαύτῃ
1019 2629 1077 2716 θεῷ

432 2737 479 2810 τίς
502 2733 540 2798 ἂν
562 2733 777 2820 προςεύχοιθ’;
800 2732 818 2808 ἣ
840 2739 990 2820 γυναικὸς
1012 2735 1122 2800 οὕνεκα

432 2840 570 2926 λέκτρων
592 2837 755 2924 φθονοῦσα
778 2844 851 2914 Ζηνί
859 2882 866 2910 ‚
886 2843 960 2914 τοὺς
982 2841 1168 2926 sr'rapye‘roc'2

431 2942 592 3019 Ἑλλάδος
614 2945 759 3017 ἁπώλεσ’,
782 2941 873 3010 οὐδὲν
895 2948 992 3019 ὄντας
1014 2948 1143 3019 αἰτίους·-

272 3117 486 3124 ——-.....-.—...

269 3208 350 3256 locum
377 3222 442 3256 nune
469 3207 560 3257 frustra
584 3210 685 3271 quaere)
707 3208 798 3258 alicubi
815 3208 890 3266 haec,
906 3219 949 3258 aut
966 3223 1053 3271 parum
1071 3208 1184 3274 diversa,
1202 3221 1242 3256 me
1259 3207 1342 3270 lagare

270 3296 385 3346 memini:
410 3305 484 3358 prout
508 3297 534 3344 in
551 3308 626 3359 opere
643 3297 759 3360 physico,
777 3297 943 3362 philosophico
961 3298 1001 3347 vel
1017 3298 1115 3361 poetico
1132 3312 1187 3346 sum
1202 3305 1341 3360 occupatus,

271 3389 343 3435 modo
360 3386 560 3444 naturalismum,
579 3389 652 3436 modo
669 3388 800 3446 deismum,
818 3390 891 3436 modo
908 3388 1102 3452 polytheismum
1120 3387 1244 3451 profiteor.

305 3477 310 3506 ¹
346 3476 496 3525 Verissimus
522 3477 559 3536 de¹
576 3477 622 3526 hac
639 3492 666 3526 re
683 3479 769 3527 inveni
785 3477 971 3527 observationes
988 3479 1053 3527 inP
1080 3495 1104 3524 r.
1123 3477 1246 3540 Limbnrg
1264 3478 1342 3524 Brou-

270 3581 331 3614 wer:
352 3567 446 3615 Procae
463 3583 520 3615 ouer
539 3567 690 3630 Euripidem
707 3567 820 3629 inprimis
838 3569 877 3616 vd.
895 3567 1027 3630 pagsm.

303 3656 313 3686 ²
347 3657 446 3707 Scilicet
471 3658 604 3719 Euripides
630 3658 702 3706 fiuxit
727 3658 830 3706 Herculi
856 3668 911 3720 post
937 3666 1052 3719 ,peractos
1078 3657 1176 3705 demum
1204 3657 1299 3706 labores
1328 3675 1342 3706 u

270 3751 370 3798 Juuone
388 3749 525 3797 immissum
542 3763 595 3797 esse
613 3748 787 3810 furoremque
806 3764 909 3798 uxorem
927 3750 1059 3810 Megaram
1077 3748 1184 3810 filiosque
1201 3749 1340 3806 trucidavit,

243 3869 247 3881 ·
270 3854 347 3902 quum
365 3825 505 3887 ‘secundum
531 3839 713 3902 Apollodorum
738 3839 849 3902 aliosque
875 3837 1070 3902 mythogrupbos
1086 3838 1133 3884 ista
1151 3837 1230 3887 rabies
1247 3839 1342 3888 labores

270 3929 438 3991 praecesserit.
472 3927 544 3989 Quod
568 3944 600 3976 an
625 3928 738 3978 consulto
764 3927 850 3978 fecerit
875 3925 1014 3990 Euripides
1038 3942 1063 3975 se
1088 3928 1186 3976 nescire
1211 3928 1270 3977 dicit
1295 3944 1342 3978 rau

270 3997 391 4081 limburg
409 4020 536 4075 Brouuer,
553 4017 598 4065 ll.
620 4031 668 4079 pag
693 4018 725 4065 8)
746 4017 769 4063 in
787 4018 843 4064 adn.
867 4018 923 4079 Ego
940 4017 1049 4064 dixerim
1066 4017 1091 4064 id
1108 4032 1137 4064 eo
1145 4019 1246 4066 consilio
1256 4018 1342 4068 fecisse

271 4118 381 4171 poetam,
410 4118 437 4157 ut
462 4108 610 4165 Herculem,
634 4109 700 4160 edita
725 4105 877 4170 quadruplici
898 4107 985 4164 caede,
1003 4107 1102 4155 mittere
1119 4116 1202 4170 posset
1220 4109 1342 4168 Athenas,

273 4199 325 4261 qui,
343 4200 388 4248 sub
405 4199 496 4248 Thesei
515 4199 592 4247 tutela
608 4199 724 4268 lustratus
744 4198 788 4259 (vs.
809 4197 873 4246 1323
882 4197 951 4259 sqq),
961 4197 1169 4260 quemadmodum
1179 4197 1289 4262 Oedipus
1298 4197 1341 4245 ille

271 4291 435 4354 Sophocleus,
461 4289 494 4338 ibi
519 4290 628 4352 degeret.
664 4289 735 4336 Hane
754 4286 851 4334 civitati
869 4300 927 4334 suae
944 4285 1076 4348 gloriolam
1094 4301 1144 4334 non
1160 4289 1281 4349 potuisset
1299 4287 1341 4341 tri·

272 4383 346 4429 buere
363 4392 445 4443 pocta,
463 4381 483 4428 si
502 4379 611 4438 Herculi,
629 4387 759 4442 postquam
777 4393 792 4425 a
809 4376 908 4425 Theseo
925 4365 1043 4424 liberatus
1060 4375 1341 4438 essetpiuculo,ininli·

271 4469 322 4518 nita
339 4470 428 4518 itinera
445 4468 530 4517 suisset
546 4468 692 4517 abeundum.
