3222 5170
805 363 845 425 82

289 550 343 619 Sic
364 547 502 615 Penthei
517 545 614 622 πένθη
630 550 925 611 commemorantur
936 555 958 626 ¹,
971 543 1005 607 in
1018 543 1216 628 Aphrodites
1230 545 1362 610 nomine

289 663 461 749 respicitur
485 659 526 724 ad
549 659 733 747 ἀφροσύνην
747 665 773 741 ³,
803 655 898 722 etde
923 655 1051 721 Helena
1074 655 1211 721 dicitur:
1237 661 1363 734 Ζηνὸς

289 778 388 848 οὖσαν
410 775 480 851 Ζῆν
505 801 553 838 νιν
575 769 706 858 ἄφθιτον
729 772 832 859 χρεών
848 775 870 834 ³.
899 769 1013 835 Unum
1031 770 1131 835 eiiam
1144 770 1365 836 hiereferatur

289 888 474 972 exemplum
498 884 703 968 importunae
725 883 919 967 dicacitatis,
937 905 955 947 e
978 883 1104 947 Tironis
1133 885 1274 969 quadam
1295 883 1364 968 epi-

290 1001 375 1066 stola
402 999 490 1085 apud
514 997 660 1064 Gellium
685 997 771 1062 VII:
797 999 817 1062 3
841 1003 1021 1062 servatum:
1054 997 1177 1062 “Recte
1200 998 1259 1063 hoc
1283 997 1363 1062 vitio

291 1113 347 1178 dat
372 1113 518 1180 Lucilius
541 1117 656 1196 poetae
679 1110 971 1197 Euripidae,quod
987 1133 1061 1177 cum
1076 1112 1298 1197 Polyphontes
1309 1134 1365 1177 rex

290 1235 459 1312 propterea
483 1247 517 1291 se
547 1224 747 1292 interfecisse
770 1225 903 1292 fratrem
930 1225 1198 1313 [Cresphontem]
1226 1225 1365 1307 diceret,

291 1339 378 1424 quod
401 1340 471 1423 ipse
494 1344 571 1403 ante
594 1338 634 1403 de
657 1359 734 1404 nece
757 1339 826 1424 ejus
849 1338 1023 1404 consilium
1046 1340 1204 1425 cepisset,
1234 1339 1365 1423 Meropa

291 1451 400 1516 fratris
424 1472 506 1516 uxor
529 1451 618 1516 hisce
641 1451 721 1540 adeo
742 1473 817 1516 eum
841 1452 946 1517 verbis
971 1450 1125 1517 eluserit:

410 1583 433 1644 εἰ
454 1581 518 1666 γάρ
540 1579 568 1643 e*
590 1579 728 1661 imilliae,
751 1582 795 1655 ὡς
818 1583 856 1644 σὺ
878 1583 951 1665 φής,
974 1583 1100 1647 κτείνειν
1122 1583 1226 1656 πόσις,

413 1689 564 1771 ΧΡῆν-Καῗ
586 1690 619 1750 σὲ
641 1684 779 1767 μέλλειν,
802 1688 845 1760 ὡς
867 1689 990 1773 χρόνος
1011 1684 1222 1773 πορήλυθεν.”
1239 1721 1278 1729 -

835 1789 939 1852 (Wagn.
957 1788 1047 1852 fragm,
1065 1789 1122 1846 460,
1140 1789 1217 1839 Dind.
1235 1790 1302 1851 4⁶9.)

293 1903 482 1985 Mulierem,
519 1908 645 1967 recente
678 1901 788 1966 mariti
815 1902 912 1967 caede
936 1911 1120 1987 comperta,
1146 1904 1314 1970 ludentem
1334 1907 1366 1969 in

293 2015 417 2101 duplici
456 2016 545 2080 verbi
584 2014 710 2098 μέλλειν
755 2015 994 2101 significatione
1039 2017 1203 2104 (sutorum
1233 2040 1299 2085 ease
1336 2028 1369 2084 et

293 2130 462 2214 cunctari),
486 2129 559 2214 quis
581 2128 663 2194 ferre
686 2129 813 2214 possit?
843 2129 978 2194 Atenim
1002 2130 1199 2216 “Euripides
1211 2179 1220 2214 ,
1244 2131 1368 2217 siquis

295 2241 403 2307 “alius
434 2244 580 2306 veterum
610 2246 797 2326 poetarum,
831 2241 1024 2328 quandoque
1051 2243 1224 2328 dormitat,
1250 2250 1283 2310 et
1306 2246 1368 2311 sibi

295 2355 423 2441 “impar
456 2355 552 2420 modo
585 2354 706 2447 eufimia
736 2354 863 2437 fundit,
889 2355 1048 2420 modoad
1074 2355 1183 2422 futilia
1207 2380 1243 2423 ac
1267 2379 1368 2443 paene

296 2461 456 2534 “dixerim
479 2467 617 2553 puerilia
641 2467 824 2534 delabitur'’
842 2457 887 2533 *ᾦ

735 2676 903 2689 MWVNNW

339 2815 416 2880 elam
451 2811 597 2893 osteudi,
634 2833 699 2875 non
731 2834 829 2877 causa
852 2812 1043 2878 destitutam
1068 2813 1150 2878 mihi
1173 2814 1275 2879 videri
1297 2836 1370 2878 sen·

297 2927 434 2992 tentiam
468 2946 565 3010 quam
598 2923 638 2988 de
674 2923 773 3011 λαλιᾷ
807 2923 984 3010 Euripides
1017 2925 1095 2991 tulit
1124 2927 1367 3011 Aristophanes.

299 3025 363 3107 ¹Sed
386 3045 566 3114 esttamen
591 3059 655 3123 quo
679 3037 869 3123 Euripidem
894 3061 1038 3121 excuses,
1063 3061 1167 3125 neque
1185 3039 1218 3103 id
1230 3038 1370 3104 indicare

298 3152 566 3239 praetermittam,
584 3173 625 3216 ne
638 3151 868 3238 Aristophanis
876 3151 1039 3239 judicium
1051 3153 1216 3238 probando
1230 3152 1370 3238 injustus

298 3267 331 3330 in
355 3286 511 3351 magnum
535 3263 695 3348 tragicum
720 3270 849 3348 poetam
862 3264 1010 3330 extitisse
1030 3264 1147 3330 videar.
1175 3265 1249 3330 Non
1261 3270 1371 3331 auctor

296 3380 383 3445 enim
416 3384 450 3443 et
481 3377 631 3442 inventor
665 3378 833 3443 habendus
871 3388 921 3443 est
956 3379 1051 3444 istius
1080 3378 1181 3443 studii
1204 3379 1370 3461 rhetorici,

329 3614 337 3644 ¹
372 3614 460 3662 Bacch.
476 3628 513 3661 vs.
529 3615 590 3666 367:
610 3615 719 3671 Πενθεὺς
737 3612 757 3662 δ’
775 3612 846 3669 ὅπως
861 3613 897 3675 μὴ
916 3610 1009 3670 πένθος
1026 3611 1124 3670 ciceiam
1140 3612 1233 3676 δόμοις.

396 3704 458 3753 ibid.
476 3719 512 3751 vs.
529 3705 590 3753 508:
608 3702 790 3766 ἐνδυστυχῆσαι
808 3699 911 3765 τοῦνομ’
928 3699 1067 3761 ἐπιτήδειος
1085 3705 1113 3751 εἶ.

327 3793 338 3826 ¹
372 3795 462 3843 Troad.
479 3807 515 3841 vs.
533 3793 593 3842 990:
611 3795 652 3841 καὶ
670 3791 773 3854 τοῦνομ’
793 3790 872 3854 ὀρθῶς
890 3789 1035 3855 ἀφροσύνης
1053 3792 1125 3856 ἄρχει
1142 3793 1210 3848 θεᾶς.

330 3883 340 3915 ³
374 3883 599 3942 Orest.vs.1635.

330 3976 340 4006 ⁴
373 3974 435 4024 Sunt
451 3971 528 4021 verba
543 3972 577 4021 V.
595 3970 634 4021 Ol.
652 3971 682 4022 θ.
700 3969 730 4020 G.
749 3969 828 4020 Cobet
844 3969 907 4017 Ver.
925 3966 1007 4017 Lect¹
1024 3984 1048 4032 p.
1065 3971 1163 4020 toa-
1175 3969 1372 4022 commemorari

297 4063 337 4113 hic
353 4065 429 4113 etiam
444 4069 526 4125 potest
545 4061 614 4110 locus
631 4073 704 4124 quem
721 4072 753 4108 cx
770 4059 877 4114 Theseo,
893 4057 1020 4120 deperdita
1033 4057 1123 4116 fabula,
1133 4071 1258 4108 servatum
1268 4061 1373 4125 legimus

296 4154 363 4218 apud
379 4152 537 4203 Athenaeum
553 4152 580 4200 X
597 4164 653 4213 pag.
672 4150 721 4198 ⁴54
737 4148 760 4207 b,
779 4147 821 4196 ubi
838 4156 922 4210 pastor
939 4147 1063 4207 indoctus,
1075 4149 1106 4197 ad
1127 4149 1316 4212 significandum
1330 4167 1373 4200 no-

296 4258 354 4293 men
371 4243 476 4300 Thesei,
494 4243 559 4306 quod
576 4241 628 4304 ipso
644 4240 728 4302 legere
744 4252 794 4288 non
811 4238 905 4301 potuit,
922 4238 1003 4287 verbis
1020 4238 1137 4288 describit
1155 4239 1247 4302 figuras
1264 4240 1373 4304 singula·

295 4347 351 4382 rum
374 4331 500 4380 literarum
517 4327 556 4389 Θ,
578 4330 614 4389 Η,
633 4329 668 4388 0,
685 4328 720 4388 E,
737 4329 773 4387 Y,
792 4327 825 4386 0;
842 4327 910 4376 addit
927 4328 1074 4378 Athenaeus
1091 4329 1234 4391 Agathonis
1250 4339 1276 4379 et
1291 4330 1372 4380 Theo-

296 4416 374 4466 dectis
391 4417 416 4464 in
434 4414 563 4464 elementis
580 4413 670 4463 vocum
684 4413 815 4477 pueriliter
832 4411 970 4461 ludentium
988 4427 1067 4476 nugas
1085 4413 1233 4463 consimiles.
