3216 5154
781 422 799 481 9

257 604 432 686 sentiebat,
457 603 513 668 sed
536 603 589 669 hic
612 625 738 690 quoque
762 604 933 670 resistebat
946 605 1097 670 omnibus
1114 605 1326 689 novitatibus,

256 721 294 781 ut
315 716 458 801 patrium
482 717 606 782 cultum
630 718 762 783 deorum
786 719 950 804 integrum
974 725 1122 784 servaret.

301 829 336 894 Si
370 829 442 914 quis
478 835 587 894 autem
623 831 682 895 hac
713 831 747 894 in
779 854 812 896 re
844 830 1096 916 Aristophanem
1125 853 1240 916 parum
1264 833 1327 898 sibi

258 942 443 1008 constitisse
473 949 618 1028 censeat,
652 965 752 1028 quum
786 967 826 1009 ex
855 944 958 1030 ipsius
991 944 1118 1030 scriptis
1143 946 1326 1032 collegerit,

259 1062 325 1121 tam
350 1056 463 1122 leviter
486 1078 561 1122 eum
584 1057 623 1122 de
647 1057 709 1122 diis
733 1058 892 1144 cogitasse
915 1064 953 1123 nt
982 1057 1037 1122 vix
1052 1058 1256 1143 intelligatur
1271 1081 1328 1124 cur

260 1190 373 1254 operae
406 1169 546 1254 pretium
582 1169 731 1235 habuerit
760 1192 817 1254 pro
840 1171 881 1235 iis
905 1171 940 1235 in
964 1193 1095 1236 arenam
1118 1171 1327 1255 descendere,

259 1283 319 1349 hoo
341 1281 438 1348 velim
463 1305 571 1348 secum
594 1289 736 1368 reputet:
767 1284 891 1348 cultum
915 1284 1045 1350 deorum
1070 1285 1157 1370 apud
1178 1287 1329 1371 antiquos

259 1397 395 1482 populos
426 1401 550 1482 partem
584 1396 684 1462 fuisse
711 1397 924 1481 reipublicae,
953 1399 1004 1463 ita
1026 1409 1064 1463 ut
1087 1397 1270 1485 quicunque
1294 1400 1327 1464 in

260 1510 391 1576 civitate
422 1510 569 1596 regunda
605 1511 704 1576 vellet
737 1511 869 1596 antiqua
907 1511 1008 1594 tueri,
1047 1513 1227 1604 necessario
1263 1513 1329 1578 fere

259 1624 295 1687 in
319 1622 473 1710 religione
497 1628 582 1688 esset
605 1622 821 1701 orthodoxus3
846 1645 949 1708 neque
971 1624 1244 1710 Aristophanem,
1269 1648 1329 1712 pro

261 1739 391 1824 ingenii¹
419 1736 584 1822 acumine,
618 1737 727 1822 potuit
757 1737 875 1820 latere,
911 1737 1147 1804 mutationibus
1175 1739 1210 1803 in
1233 1740 1328 1805 rebus

262 1852 360 1917 sacris
391 1852 494 1937 ipsam
529 1850 639 1935 tangi,
671 1858 703 1913 et
736 1871 831 1934 saepe
854 1850 993 1932 concuti,
1019 1850 1204 1936 civitatem,
1229 1875 1330 1939 quum
1364 1942 1366 1946 Ι

262 1969 374 2030 contra
404 1963 554 2048 religiose
577 1967 723 2027 servatus
747 1962 855 2027 cultus
880 1962 1031 2045 deorum,
1056 1964 1161 2049 qualis
1185 1988 1205 2030 a
1226 1966 1329 2050 patri-

262 2078 322 2144 bus
358 2078 402 2142 sit
436 2076 594 2159 traditus,
628 2076 827 2159 permultum
863 2075 1006 2140 conferat
1040 2077 1080 2141 ad
1111 2076 1331 2144 confirmanda

263 2198 389 2256 caetera
410 2211 536 2276 quoque
560 2187 718 2273 majorum
743 2189 904 2253 instituta.

307 2304 476 2369 Novitates
510 2303 611 2388 igitur
643 2301 878 2387 Aristophanes
911 2303 996 2367 male
1019 2324 1152 2388 exosus,
1177 2327 1197 2369 a
1220 2305 1330 2390 sophi-

264 2426 386 2484 starum
407 2417 561 2484 doctrinis
585 2416 784 2482 abhorrebat.
824 2411 997 2501 Euripides
1011 2439 1097 2501 vero,
1111 2417 1166 2501 qui
1179 2426 1332 2504 utrasque

264 2532 457 2618 sequebatur
489 2536 522 2595 et
544 2528 766 2615 profitebatur,
790 2528 858 2613 ejus
878 2527 1001 2611 judicio
1026 2528 1160 2613 signifer
1182 2540 1251 2620 erat
1272 2531 1330 2596 ho-

264 2645 391 2709 minum
414 2665 498 2710 nova
521 2642 727 2708 molientium
750 2651 783 2706 et
798 2641 937 2726 patriam
952 2641 1040 2707 brevi
1053 2643 1290 2727 perditurorum
1307 2647 1327 2709 ¹.

267 2759 363 2823 Hunc
394 2755 496 2841 igitur
518 2754 727 2840 promachum
750 2760 788 2818 ut
811 2754 1006 2838 opprimeret
1029 2753 1180 2818 omnibus
1208 2754 1331 2821 viribus

266 2872 356 2937 nisus
380 2875 446 2953 est,
470 2873 503 2934 et
526 2868 559 2932 in
583 2889 620 2932 eo
643 2867 829 2932 lacessendo
852 2866 946 2931 valde
968 2866 1034 2931 fuit
1047 2866 1205 2952 pertinax.
1254 2871 1331 2935 dam

266 2985 300 3049 in
310 2985 415 3071 prima
426 2969 761 3047 enim'comcediarum
772 2999 853 3062 quae
866 2978 907 3043 ad
918 3000 977 3043 nos
987 2983 1220 3064 pervenerunt'
1236 2981 1332 3047 Euri-

266 3099 375 3185 pidem
398 3100 488 3162 tenet
509 3100 690 3179 arreptum,
718 3114 821 3179 neque
842 3114 899 3178 per
922 3093 1042 3178 viginti
1064 3115 1165 3160 annos
1189 3088 1330 3181 unqua'm

267 3214 403 3278 missum
426 3207 519 3286 fectu
544 3208 624 3293 quin
648 3206 754 3271 “iram
777 3205 869 3270 illam
884 3206 1054 3291 capitalem
1064 3208 1096 3291 ,”
1113 3206 1164 3272 vel
1180 3209 1333 3272 acriorem

267 3347 365 3412 quam
388 3344 469 3409 quae
492 3320 557 3385 fuit
579 3319 664 3385 inter
687 3319 874 3384 Priamiden
891 3324 924 3384 et
938 3318 1118 3404 Achillem,
1137 3344 1177 3386 ne
1194 3323 1334 3387 “ultima

268 3439 399 3525 quidem
433 3459 519 3503 mors
553 3435 703 3511 divisit;”
734 3455 900 3519 nunquam
938 3435 1025 3499 enim
1062 3434 1198 3501 ferocius
1237 3437 1332 3502 velli-

268 3553 354 3619 cavit
386 3552 545 3638 tragicum
580 3570 677 3634 quam
707 3569 816 3612 recens
850 3552 1013 3611 mortuum
1038 3547 1072 3611 in
1095 3549 1252 3632 palmaria
1276 3551 1334 3616 illo

270 3667 434 3731 Ranarum
473 3661 645 3729 comoedia.
695 3660 843 3743 Scilicet,
885 3681 984 3745 quum
1013 3661 1093 3726 alios
1117 3663 1331 3750 adversarios,

304 3956 308 3982 ¹
328 3953 365 4003 Ut
382 3959 437 4000 utar
453 3950 534 3999 verbis
552 3947 708 4005 Mommseni,
725 3948 932 4012 sesquipedalibus
949 3951 991 3998 sed
1008 3957 1089 3999 tamen
1109 3965 1162 4000 rem
1179 3952 1241 4001 bene
1253 3955 1334 4016 expri-

268 4043 403 4093 mentibus:
440 4040 583 4104 ulluripides
608 4041 640 4087 ist
664 4039 708 4087 der
733 4045 798 4087 erstc
823 4041 873 4088 und
898 4039 995 4089 oberste
1016 4041 1122 4103 Apostel
1138 4042 1183 4090 der
1199 4056 1278 4091 neuen
1295 4045 1333 4093 die
1391 4105 1393 4111 .

272 4136 343 4184 calte.
357 4121 459 4182 attischc
475 4128 729 4180 Volksthiimlichkeit
746 4129 902 4177 autlbsenden
919 4129 1150 4192 kosmopolitischcn
1166 4132 1334 4182 Humanitit.''
1366 4129 1369 4158 ⁷

269 4225 353 4286 (Riim.
368 4222 457 4274 Gesch.
475 4221 484 4251 ⁶
501 4222 524 4280 I,
539 4235 596 4284 pag.
613 4221 682 4282 909.)

303 4312 540 4366 2Acnarncnsibus.
573 4310 656 4360 Etiam
681 4309 707 4357 in
724 4310 854 4371 Proagone
871 4307 1016 4369 Euripidem
1033 4309 1136 4370 carpsit3
1153 4312 1193 4359 vd.
1211 4311 1286 4360 schol.
1304 4315 1335 4362 ad

270 4407 348 4468 Vesp.
366 4405 405 4454 61.
439 4401 591 4465 Autolycum
610 4401 647 4462 (l),
665 4398 805 4450 Erechthea
814 4398 852 4461 (l),
864 4398 1005 4461 Polyidum,
1016 4398 1160 4447 Phoenissas
1169 4403 1199 4449 ad
1208 4403 1336 4466 Euripidis

270 4493 428 4556 cognomines
446 4491 537 4540 subulas
554 4490 700 4539 deridendas
715 4487 841 4550 scripsisse
858 4487 952 4536 videtur
969 4486 1157 4550 Aristophanes.
