3216 5154
766 395 908 476 m'

247 595 380 662 latebris
404 596 584 682 perspicere
608 603 641 664 et
657 604 844 684 pernoscere
859 621 893 665 se
906 622 1002 685 posse
1018 601 1155 686 putabat
1169 611 1188 666 ¹.
1228 600 1322 680 Quod

248 731 346 795 quam
379 708 553 775 ridiculum
585 711 715 777 deberet
745 717 856 778 nostro
883 713 1006 778 comico
1037 713 1155 796 videri,
1188 711 1319 779 etiamsi

247 823 359 890 nullus
392 832 576 910 superesset
607 824 696 892 locus
726 848 767 891 ex
800 826 869 912 ejus
898 826 1019 892 fabulis
1051 827 1107 912 qui
1130 831 1321 910 testaretur,

249 936 356 1022 quivis
367 943 477 1003 tamen
488 959 548 1003 sua
560 943 676 1022 sponte
686 937 887 1025 intelligeret
896 938 948 1004 cui
957 938 1187 1025 Aristophanis
1197 937 1322 1004 indoles

247 1071 312 1115 non
334 1051 431 1135 plane
455 1051 640 1137 incognitas
664 1052 717 1116 hic
741 1052 828 1118 enim
854 1055 982 1118 “mores
1005 1053 1176 1118 hominum
1200 1052 1322 1118 multo-

248 1185 320 1229 rum
343 1165 473 1231 videre”
497 1165 593 1232 unice
616 1167 833 1233 necessarium
850 1167 988 1233 ducebat
1002 1175 1134 1252 poetae,
1151 1166 1320 1232 hominum

249 1277 381 1363 ingenia
409 1286 442 1344 et
466 1279 591 1362 studia,
617 1301 738 1346 errores
762 1287 795 1346 et
815 1281 952 1346 virtutes
977 1280 1193 1366 descriptur03
1218 1301 1323 1366 neque

248 1390 288 1456 de
320 1391 501 1457 eruditione
522 1392 707 1466 admodum
741 1401 811 1458 erat
842 1391 1022 1476 sollicitus,
1054 1393 1218 1479 librosque
1249 1398 1322 1457 tan-

249 1512 386 1569 tumnon
419 1505 548 1586 oderat,
581 1511 619 1571 ut
652 1505 746 1572 docet
766 1505 986 1590 fragmentum
1010 1529 1028 1572 e
1049 1506 1233 1591 lagenistis
1255 1528 1345 1571 ser·¹
1381 1493 1383 1498 ⁸

250 1627 361 1684 vatum
383 1618 470 1704 apud
492 1618 591 1684 schol.
616 1618 702 1684 Nub.
729 1641 776 1684 vs.
803 1621 867 1684 360
892 1619 1024 1704 (fragm.
1051 1621 1116 1685 418
1140 1619 1266 1702 'Dindp

409 1735 466 1799 τὸν
488 1730 587 1817 ἄνδρα
608 1731 693 1799 τόνδ’
714 1733 732 1809 ἢ
753 1731 896 1820 βιβλίον
918 1729 1090 1820 διέφθορεν,

391 1838 430 1926 Ιἢ
453 1835 626 1926 Πρόδικος,
648 1837 668 1914 ἢ
688 1843 753 1904 τῶν
774 1834 963 1925 ἀδολεσχῶν
985 1837 1029 1913 εἷς
1050 1840 1086 1922 γέ
1106 1865 1163 1912 τις·

296 1943 462 2023 Quantum
484 1947 593 2008 autem
617 1942 789 2028 profecerit
810 1941 984 2027 Euripides
1007 1941 1042 2006 in
1067 1941 1203 2007 scientia
1219 1963 1325 2006 rerum

251 2056 450 2121 naturalium
473 2061 507 2122 et
519 2056 841 2144 philosophicarum,
867 2056 975 2122 nescio
990 2064 1012 2121 2.
1062 2054 1192 2122 Dixeris
1216 2059 1326 2121 tamen
1377 2139 1379 2143 ι

284 2233 289 2263 ¹
325 2233 439 2296 Lessing.
469 2233 560 2282 Hamb.
585 2229 700 2284 Dramatss
725 2233 760 2284 n⁰.
788 2234 821 2284 94
838 2249 874 2298 sq.
891 2233 963 2283 affert
980 2234 1043 2282 hanc
1059 2233 1140 2298 Angli
1162 2233 1236 2284 Hurd
1253 2231 1328 2281 inter·

250 2323 413 2386 pretationem
437 2323 534 2372 dieterii
560 2322 701 2386 Sophoclis,
726 2323 792 2387 quod
807 2323 899 2387 legitur
913 2324 986 2386 'apud
1003 2323 1111 2372 Aristnt.
1128 2331 1194 2388 poet.
1211 2337 1265 2386 cap.
1281 2322 1329 2369 25:

252 2414 383 2477 Σοφοκλῆς
400 2415 454 2477 ἔφη,
472 2414 550 2472 αὐτὸς
566 2415 614 2478 μὲν
631 2411 701 2472 οἵους
719 2413 755 2463 δεῖ
772 2419 864 2480 ποιεῖν,
882 2413 1021 2478 Εὐριπίδην
1038 2413 1063 2463 δὲ
1076 2412 1125 2462 οἷοι
1137 2413 1196 2462 eici:
1215 2411 1326 2475 “Sopho-

252 2500 322 2549 ‘kles
338 2501 406 2552 hatte
422 2502 501 2551 durch
518 2504 602 2552 seinen
619 2503 834 2566 ansgebreitetarn
852 2504 971 2568 Umgang
988 2502 1035 2552 mit
1050 2502 1328 2566 Menschendieeinge·

250 2590 400 2640 “schrinhte
425 2605 490 2655 enge
506 2592 683 2656 Vorstellung‚
701 2591 795 2640 welche
812 2607 856 2641 aus
873 2593 918 2641 der
934 2592 1107 2656 Betraehtung
1123 2591 1246 2641 einzelner
1263 2591 1328 2642 Cha·

252 2680 368 2732 “raktera
385 2682 507 2741 antstaht,
523 2683 549 2731 in
566 2682 638 2732 einen
656 2682 835 2746 vollstindigen
853 2682 954 2744 Begriff
967 2683 1009 2730 des
1026 2681 1329 2740 Gesehleehtserweitert;

252 2771 313 2819 “der
338 2769 537 2835 philosophische
562 2771 694 2836 Euripides
720 2771 860 2836 hingegen,
886 2773 930 2821 der
955 2772 1024 2821 seine
1049 2771 1138 2820 meiste
1163 2771 1220 2820 Zeit
1243 2771 1270 2818 in
1286 2770 1330 2818 der

253 2859 410 2910 “-Akademie
429 2860 470 2921 (an
486 2861 568 2923 potius
585 2861 677 2924 domii)
695 2861 844 2924 angebraeht
860 2861 929 2910 hatte
947 2861 998 2910 und
1015 2875 1065 2911 von
1082 2862 1114 2909 da
1129 2875 1174 2909 aus
1191 2861 1234 2908 das
1244 2859 1331 2908 Leben

253 2950 409 2999 “iiharsehen
426 2951 525 3014 wollte,
542 2951 604 3000 hielt
621 2952 706 3001 seinen
722 2951 796 3002 Blick
812 2966 843 3000 nn
851 2952 909 3000 sehr
920 2950 966 3000 aui
971 2953 1014 3000 das
1026 2951 1152 3009 Einnelne,
1161 2950 1207 2998 ani
1215 2949 1329 3000 wirklich

253 3039 419 3091 “existirendc
436 3041 563 3091 Personen
581 3041 703 3106 gehastet,
721 3041 854 3091 versenhte
865 3043 907 3090 das
917 3041 1330 3096 Gesnhlaehtindaslndividuum,

252 3130 322 3178 “und
346 3131 422 3180 malte
446 3130 560 3194 folglich‚
585 3133 633 3181 den
658 3131 834 3180 vorhabenden
860 3131 1051 3195 Gcgenstiinden
1077 3130 1153 3188 nach,
1175 3129 1244 3179 seina
1266 3130 1331 3180 Cha·

254 3217 369 3267 ‘'ruhtera
393 3234 459 3268 nwar
483 3221 604 3270 natiirlieh
631 3221 681 3271 und
706 3221 789 3278 wahr,
813 3221 871 3268 aber
889 3219 952 3269 auch
970 3221 1036 3268 dann
1053 3221 1104 3268 und
1120 3235 1193 3268 wann
1209 3218 1275 3269 ohne
1291 3220 1331 3270 die

253 3306 361 3355 ‘'hdhera
377 3306 525 3370 allgemeine
544 3309 724 3359 Aehnlichkeit
740 3309 782 3358 die
798 3323 842 3358 nur
856 3309 886 3358 V
886 3308 1021 3370 ollandung
1034 3311 1079 3357 der
1087 3309 1228 3372 poitischen
1237 3311 1329 3362 Wahr-

253 3398 323 3446 “hait
338 3395 461 3447 erfordert
476 3400 564 3448 wird.''
581 3427 613 3434 -—
630 3398 670 3450 Cf.
686 3399 826 3450 Bernhard.
844 3414 900 3464 pag.
917 3401 967 3449 399
983 3413 1019 3462 sq.

287 3485 297 3516 ²
330 3488 428 3537 Vereor
444 3503 476 3536 an
492 3487 583 3537 habeat
600 3503 648 3552 quo
661 3489 754 3538 nitatur
762 3488 847 3552 opinio
856 3487 1014 3548 Bemhardii,
1023 3502 1081 3552 pag.
1090 3490 1137 3538 401
1147 3489 1183 3538 ita
1187 3488 1334 3552 judicantis:

254 3578 326 3628 “dem
352 3579 517 3642 Anaxagoras
540 3579 662 3629 vardankt
684 3579 817 3644 Euripides
838 3579 892 3630 eine
913 3579 1017 3642 positive
1033 3580 1145 3630 'Summe
1172 3580 1216 3630 der·
1240 3581 1332 3629 Natur-

253 3665 448 3732 ‘'philns0phie.”
551 3705 553 3710 .

288 3758 483 3819 Valckenarius,
504 3759 529 3806 in
546 3757 675 3808 notissima
692 3757 820 3817 Distribe,
836 3759 961 3822 congessit
977 3759 1086 3822 plurima
1102 3773 1134 3810 ex
1151 3759 1271 3823 Euripide
1278 3760 1333 3808 loca

255 3847 436 3911 philosophiam
461 3847 600 3897 naturalem
616 3848 767 3910 tangentia,
783 3848 849 3896 unda
866 3859 963 3905 tamen,
981 3847 1079 3910 siquid
1096 3848 1177 3907 video,
1194 3848 1220 3897 id
1235 3856 1333 3896 tantum

256 3947 370 4002 apparet,
387 3937 535 4002 Euripidem
553 3938 700 3996 sententias,
717 3937 777 3985 olim
794 3953 810 3987 a
825 3938 993 4001 praeceptoris
1009 3951 1051 3986 ore
1068 3937 1189 3987 sublectus
1204 3939 1332 4000 tenacique

255 4037 367 4077 servatas
391 4028 525 4087 memoria,
551 4042 601 4076 non
622 4043 679 4077 raro
695 4028 863 4090 expromsissa
881 4028 972 4098 quihus
987 4039 1088 4078 ornaret
1104 4043 1160 4076 suas
1177 4027 1272 4078 fabulas
1288 4043 1333 4077 ceu

257 4118 364 4181 gemmis
390 4116 511 4180 pretiosis.
545 4117 586 4164 Ex
611 4131 702 4180 magno
728 4115 772 4166 illo
788 4130 893 4166 numero
908 4116 1020 4166 locorm
1038 4117 1069 4166 ad
1085 4116 1195 4180 μετέωρα
1211 4118 1335 4180 pertinen·

257 4207 320 4256 tium
345 4207 436 4255 frustra
459 4208 556 4256 coneris
580 4207 678 4256 efficere
704 4207 801 4270 qualem
818 4205 946 4256 notionem
963 4209 993 4256 de
1009 4208 1082 4256 rebus
1098 4207 1244 4256 sublimibus
1261 4207 1334 4256 Euri·

258 4297 582 4359 pidessibiiecerit,nedum
592 4299 622 4346 da
639 4297 692 4360 ejus
709 4297 853 4360 opinionum
870 4297 1013 4347 fundamine
1025 4308 1051 4347 et
1059 4297 1336 4360 cohaerentiajudicare

258 4387 344 4450 possis.
378 4387 433 4436 Vix
457 4389 487 4436 de
511 4387 563 4436 ulla
589 4403 616 4436 re
642 4389 664 4436 ci
689 4386 826 4436 constitisse
851 4386 961 4444 videtum
987 4387 1027 4436 hic
1051 4402 1159 4450 quoque,
1177 4399 1205 4436 ut
1221 4389 1247 4436 in
1264 4391 1337 4439 rebus

259 4475 417 4539 theologicis,
443 4477 551 4526 incertus
575 4478 787 4540 circrrmragatur3
804 4477 872 4526 clara
888 4484 913 4525 et
930 4476 1006 4524 solida
1023 4476 1065 4526 illa
1081 4475 1248 4540 philosophiae
1265 4487 1336 4528 natu·
