3222 5170
810 388 873 450 130

331 568 410 631 tuh.
432 586 473 628 vs.
498 572 574 630 1397
597 569 639 630 sic
660 570 766 630 chorus
789 568 999 647 Phidippidem
1021 567 1195 646 alloquitur:

352 665 411 729 σὸν
433 662 545 748 ἔργον,
568 666 729 730 ὧκιιινῶν
752 668 835 730 ἐπῶν
857 665 964 738 κινητὰ
987 668 1035 730 καὶ
1057 662 1235 749 μοχλεντά,

351 757 445 824 πειθώ
467 786 536 824 τινα
558 759 676 835 ζητεῖν,
699 764 789 836 ὅπως
813 755 917 834 δόξεις
938 757 1044 844 λέγειν
1067 755 1177 824 δίκαια·

332 852 393 913 Η1ο
412 853 570 932 respicitur
590 853 714 914 Medeae
735 873 778 915 rs.
802 857 893 914 1317:

453 952 483 1014 τί
502 946 596 1016 τάσδε
617 958 711 1026 κινεῖς
732 948 981 1036 κάναμοχλεύεις
1003 946 1122 1022 πύλος;

291 1043 439 1105 Pcrscnus
459 1043 600 1122 conjecit,
623 1044 656 1104 in
676 1044 774 1125 priore
794 1044 964 1104 recensione
985 1041 1125 1115 Medeae,
1148 1059 1238 1120 quam
1257 1041 1308 1101 ille
1326 1060 1374 1101 er·

291 1139 387 1200 titisse
408 1139 589 1218 suspicatur,
611 1157 665 1218 pro
685 1139 793 1215 πύλας
815 1137 991 1217 Euripidem
1002 1135 1126 1225 λόγους
1140 1136 1305 1215 scripsisse,
1323 1136 1374 1196 sed

290 1232 388 1293 locum
409 1238 513 1312 postea
532 1233 708 1307 mutavisse,
729 1233 836 1293 comici
857 1237 1018 1293 scommate
1038 1236 1216 1310 permotum,

333 1361 415 1425 ltro.
437 1380 479 1422 rs.
504 1366 595 1422 1415:

352 1457 484 1522 κλάουσι
506 1454 629 1533 παῖδες,
652 1461 768 1546 ποτέρα
790 1455 816 1523 δ’
840 1459 877 1522 ού
899 1458 1006 1523 κλάειν
1030 1453 1131 1532 δοκεῖς

360 1569 361 1573 ’
869 1549 924 1629 [σὺ
946 1562 1073 1640 χρῆνοι;
1094 1551 1131 1613 V·
1155 1551 1199 1612 (11.
1223 1551 1332 1632 Cobet]

293 1645 452 1706 admodum
483 1647 579 1708 faceta
609 1648 731 1726 parodia
761 1648 917 1707 verborum
944 1646 1079 1707 Pheretis
1101 1645 1138 1705 ad
1159 1646 1321 1707 Admetum
1342 1646 1375 1705 in

182 1830 193 1846 l
292 1740 443 1802 Alcestide
464 1741 618 1822 Euripidis
639 1762 682 1803 vs.
706 1747 776 1803 691:

453 1842 575 1925 χαίρεις
597 1843 682 1925 ὁρῶν
705 1844 789 1926 φῶς,
812 1841 928 1924 ποι-ἔρα
951 1836 977 1903 δ’
1000 1840 1037 1902 ού
1060 1843 1182 1925 χαίρειν
1204 1833 1319 1912 ὃοκεῖς;

332 1969 427 2047 vesp.
448 1987 491 2029 vs.
515 1974 570 2028 111
594 1987 650 2044 sq.:

452 2063 566 2130 τοιαῦτ’
589 2063 694 2130 ἆλύει·
718 2064 965 2148 νουθετούμενος
989 2060 1015 2129 δ’
1039 2063 1083 2128 iet

453 2157 581 2240 μᾶλλον
605 2155 728 2232 δικάζει·

334 2252 430 2314 Schol.
462 2252 548 2313 docet
578 2251 651 2312 haec
677 2272 739 2315 esse
764 2254 947 2315 conformata
968 2252 1006 2312 ad
1026 2272 1144 2313 versum
1165 2272 1200 2313 ex
1221 2251 1376 2331 Euripidis

294 2347 490 2408 Stheneboea:

452 2443 566 2508 τοιαῦτ’
591 2443 678 2509 ἇλύει
701 2442 947 2526 νουθετούμενος
969 2444 1065 2530 ἔρως,

293 2554 368 2616 quae
390 2556 424 2597 ex
446 2535 526 2598 Plut.
548 2536 625 2598 Mor.
646 2556 676 2616 p.
698 2544 733 2599 71
751 2538 779 2598 Α
801 2539 843 2598 sic
864 2537 1060 2598 emendanda:

453 2635 566 2699 τοιαῦττ
587 2632 688 2699 άλύει·
712 2633 956 2716 νουθετούμενος
979 2631 1005 2698 θ’
1027 2634 1106 2720 άριυς

454 2727 579 2812 μᾶλλον
601 2728 704 2803 πιέζει·

1029 2809 1141 2871 (rragm.
1159 2809 1209 2858 aas
1224 2807 1311 2871 οιαι.)

335 2953 416 3017 111111.
437 2931 484 3013 vs:
501 2956 559 3012 312
582 2970 624 3030 sq.
645 2951 725 3014 filius
746 2951 889 3024 dicastae,
912 2971 1015 3012 verens
1036 2970 1073 3011 ne
1087 2951 1175 3010 hodie
1194 2950 1294 3010 desint
1307 2950 1377 3010 lites

294 3048 443 3126 igiturque
463 3052 548 3126 pater
568 3047 744 3108 dicasticum
766 3066 826 3106 non
848 3047 988 3125 accipiat,
1011 3048 1053 3108 sio
1074 3047 1220 3125 queritur:

310 3151 313 3156 ’
454 3146 484 3207 τί
502 3171 537 3227 με
560 3141 633 3218 δῆτ’,
657 3144 681 3207 ὦ
704 3143 797 3226 μελέα
817 3153 926 3230 μῆτερ,
950 3143 1077 3217 ἕτικτες;

293 3239 341 3298 cui
362 3243 447 3317 pater
466 3236 636 3315 respondet:

453 3334 493 3400 ἵν’
514 3337 578 3417 ἐμοὶ
599 3335 768 3421 πράγματα
788 3332 921 3420 βόσκειν
943 3338 1095 3421 παρέχῃς·

293 3448 368 3508 qnae
388 3429 478 3489 verba
499 3447 561 3490 esse
582 3447 740 3507 puerorum
756 3428 928 3488 Minotauro
943 3428 1158 3488 destinatorum
1175 3427 1207 3488 in
1222 3426 1377 3505 Euripidis

294 3522 420 3596 Theseo,
437 3518 527 3583 'dicit
562 3522 703 3582 scholion.
746 3521 894 3600 Equidem
926 3521 982 3582 hoc
1008 3522 1157 3594 scholion,
1177 3521 1257 3601 quod
1278 3521 1376 3584 verbis

292 3619 459 3705 πράγματα
490 3615 622 3702 βόσκειν
643 3615 826 3695 adscriptum
847 3616 973 3694 legitur,
996 3617 1100 3677 malim
1121 3615 1158 3676 ad
1180 3617 1276 3677 solum
1298 3616 1376 3694 prio-

293 3731 355 3772 rem
376 3731 494 3773 vcrsum
514 3713 631 3772 referre.

335 3807 429 3868 Senex
450 3806 544 3867 addit:
604 3800 624 3880 J

279 3973 284 3980 ‚
456 3902 613 3977 ἀνόνητον
635 3901 683 3978 ἄρ’
707 3905 730 3966 ὦ
755 3901 907 3968 θυλάκιόν
928 3903 956 3966 σ’
979 3903 1069 3990 εἶχον
1091 3903 1228 3990 ἄγαλμα·

293 3997 451 4076 respondet
471 3996 563 4058 filius:

453 4095 467 4160 ἓ
490 4092 518 4165 ἕ,
540 4094 625 4180 πάρα
648 4098 713 4177 νῷν
736 4091 903 4166 στενάζειν·

335 4188 395 4248 Hic
415 4187 448 4248 in
468 4187 562 4248 risum
582 4192 740 4248 vertuntur
760 4188 850 4247 verba
872 4187 1045 4267 Hippolyti,
1065 4194 1139 4247 teste
1160 4187 1272 4248 scholio
1294 4188 1376 4248 simi-

293 4284 363 4344 liter
383 4283 415 4342 in
436 4282 551 4343 Theseo
571 4282 767 4344 occurrentia:

457 4379 612 4452 ἀνόνητον
635 4378 762 4464 ἄγαλμ’,
786 4382 809 4444 ὦ
832 4381 943 4466 πάτερ,
970 4378 1081 4444 οἴκοισι
1102 4379 1209 4444 τεκών·

950 4474 1062 4536 (Eregm.
1080 4474 1141 4530 389,
1157 4474 1208 4523 390
1223 4473 1310 4534 Dind.)
