3222 5170
804 389 863 450 112

292 569 465 656 Euripides
477 574 586 636 narrat
599 592 633 636 se
645 570 856 656 tragoediam,
870 591 967 657 quem
981 571 1142 637 tumidam
1155 573 1195 637 ab
1204 572 1365 658 Aeschylo

289 689 471 768 acceperat,
495 685 601 769 primo
624 689 834 766 extenuasse,
858 683 975 750 deinde
998 706 1056 769 per
1068 685 1237 751 monodias
1253 708 1364 754 rursus

288 795 438 882 opimiori
469 796 591 861 formae
625 796 824 879 restituisse,
862 796 1033 862 “admixto
1063 795 1361 882 Cephiscphonte.”

289 907 420 975 Scilicet
453 909 540 974 idem
573 931 671 974 verna
703 909 771 992 (vel
795 908 976 993 discipulus
1001 909 1152 996 ingenuis
1176 911 1361 994 natalibus,

286 1026 325 1086 ut
342 1021 493 1087 nonnulli
508 1026 715 1107 putaverunt,
730 1026 887 1108 negantes
900 1022 1016 1088 servile
1027 1023 1088 1090 hoc
1103 1043 1220 1088 nomen
1234 1045 1304 1089 esse
1317 1025 1359 1111 ¹,)

286 1156 425 1220 quocum
458 1158 592 1203 uxorem
624 1137 694 1222 ejus
727 1137 957 1203 commercium
992 1138 1109 1204 habere
1140 1158 1250 1202 rumor
1273 1142 1359 1219 erat,

286 1250 320 1313 in
354 1248 490 1316 canticis
524 1249 757 1334 componendis
793 1248 944 1334 Euripidi
977 1270 1107 1334 operam
1136 1270 1254 1314 navare
1275 1248 1359 1314 fere·

283 1361 380 1427 batur
394 1360 424 1440 ³3
460 1361 546 1447 quod
580 1367 691 1427 utrum
726 1361 835 1447 aliqua
866 1383 906 1426 ex
940 1368 1031 1447 purte
1058 1382 1170 1426 verum
1194 1383 1236 1426 an
1259 1359 1358 1428 fucrit

284 1497 409 1541 merum
432 1478 669 1557 commentum,
694 1496 781 1540 nunc
805 1474 877 1560 quis
902 1473 1005 1540 dicati

327 1588 554 1654 Monodiarum
589 1587 838 1673 Euripidearum
872 1587 992 1653 salsam
1028 1587 1246 1653 imitationem
1273 1587 1356 1672 legi-

282 1723 356 1767 mus
380 1702 461 1766 Rau.
486 1722 532 1768 vs.
560 1702 645 1766 1330
670 1721 738 1786 sqq.
757 1702 780 1783 ³,
812 1700 847 1764 in
863 1699 1117 1786 quapeculiaria
1132 1698 1248 1786 tragici
1263 1699 1354 1782 vitia,
1396 1687 1399 1692 ¹

278 1813 511 1881 vocabulorum
545 1811 773 1898 repetitiones,
799 1812 957 1877 sermonis
980 1812 1225 1898 magnificentia
1247 1834 1355 1878 rerum

279 1928 434 1994 tenuitati
469 1949 564 2012 saepe
597 1948 713 2012 parum
741 1915 965 2017 respondens,
999 1933 1032 1992 et
1055 1926 1089 1991 id
1111 1949 1216 2013 genus
1239 1926 1353 2011 plura,

278 2041 375 2126 plane
398 2041 511 2107 eodem
532 2040 629 2104 modo
652 2040 800 2105 ridentur
822 2039 863 2105 ab
886 2039 1048 2123 Aeschylo
1071 2061 1135 2125 quo
1157 2039 1247 2125 prius
1264 2040 1352 2106 chori

279 2152 421 2236 cantica,
454 2158 493 2218 nt
516 2153 677 2220 uidimus.
716 2152 805 2232 Quae
837 2153 877 2218 de
899 2153 957 2219 illa
982 2152 1195 2218 festivissime
1219 2153 1353 2239 parodia

309 2390 318 2422 ¹
334 2391 421 2455 Biogr.
445 2391 507 2440 Eur.
531 2390 545 2439 1
566 2389 624 2439 dicit
645 2403 703 2438 eum
720 2388 795 2438 saure
811 2387 935 2454 οἰκογενὲς
951 2388 1079 2453 μειράκιον
1094 2387 1237 2452 Euripidis,
1253 2395 1351 2438 etcum

275 2479 330 2530 heri
352 2490 432 2529 uxore
456 2479 569 2529 illicitam
594 2477 797 2528 consuetudinem
821 2476 942 2527 habuisse.
975 2475 1061 2527 Affert
1081 2476 1126 2526 hos
1144 2490 1231 2526 versus
1248 2476 1348 2526 Aristo-

274 2570 381 2635 phaneus
397 2570 421 2632 (e
438 2568 564 2634 Gerytede
580 2583 629 2618 sec.
646 2567 828 2630 Dindortium):

534 2661 687 2722 Κηφισοφῶν
704 2658 787 2720 ἄριστε
804 2656 846 2704 καὶ
862 2654 1015 2716 μελάντατε,

532 2748 562 2796 cri
579 2746 609 2807 dr)
627 2745 729 2806 Ευνέζης
746 2745 780 2802 ὡς
796 2746 829 2793 τὰ
847 2741 922 2792 πόλλ’
939 2742 1075 2808 Εὐριπίδη,

533 2837 575 2886 καὶ
591 2835 742 2896 (curretur,
760 2834 794 2891 ὥς
810 2841 884 2897 φασι,
901 2832 950 2891 τὴν
966 2830 1101 2896 μελῳδίαν.
1236 2901 1238 2906 Ι

306 2928 390 2978 Aliter
413 2927 446 2977 K.
471 2926 502 2978 0.
522 2925 627 2984 Miiller,
644 2922 690 2974 (ir.
705 2922 785 2974 Liter.
801 2921 897 2986 gesat„
913 2920 953 2981 11,
971 2935 1029 2985 pag.
1047 2921 1108 2982 ltt,
1124 2918 1351 2984 Cephisophontem

274 3030 362 3066 vocaus
386 3019 449 3066 “den
464 3013 716 3078 Hauptschauspieler
731 3012 774 3062 des
790 3011 933 3075 Euripides,
950 3011 995 3060 der
1011 3011 1038 3059 in
1054 3010 1103 3059 den
1120 3010 1266 3060 Monodieiin
1283 3009 1350 3060 scine

274 3109 370 3172 “genre
386 3106 476 3157 Stdrke
493 3104 595 3168 zeigte.”

305 3195 317 3230 ¹
333 3198 435 3248 Praeter
450 3196 532 3245 locum
548 3196 574 3244 in
590 3193 747 3259 praecedenti
758 3192 916 3266 annotatione
924 3193 1027 3242 citatum
1035 3190 1085 3240 vid.
1096 3191 1159 3242 Rau.
1169 3205 1207 3239 vs.
1219 3192 1281 3243 1407
1289 3204 1350 3254 sqq,

274 3287 315 3339 ubi
345 3287 476 3335 mmodum
505 3283 680 3334 contumeliose
705 3281 847 3346 Aeschylus
872 3283 898 3330 in
923 3280 973 3329 fine
997 3280 1067 3343 longi
1092 3279 1235 3329 certaminis
1259 3277 1350 3341 poetici
1382 3299 1384 3306 ·

274 3377 421 3427 haecdicit:

530 3466 572 3515 καὶ
589 3464 672 3530 μηκέτ’
690 3466 771 3530 ἔμοιγε
789 3461 843 3513 κατ’
860 3462 936 3522 ἔπος,
954 3460 1012 3513 ἀλλ’
1030 3461 1055 3519 ἐς
1073 3461 1120 3509 τὸν
1137 3458 1251 3523 σταθμὸν

527 3555 619 3616 αὐτός,
637 3556 669 3603 τὰ
687 3551 774 3613 παιδί’,
791 3551 807 3611 ἡ
824 3549 903 3616 γυνή,
922 3553 1090 3614 Κηφισοφῶν,

531 3643 611 3708 ἐμβὰς
629 3641 745 3701 καθήσθω
762 3637 903 3702 συλλαβὼν
919 3638 951 3688 τὰ
968 3635 1070 3700 βιβλία.

304 3738 400 3787 Versus
423 3735 486 3785 1452
501 3749 537 3798 sq.
553 3732 643 3782 afferre
658 3731 729 3790 nolo,
749 3731 840 3794 quippe
859 3743 920 3792 quoe
938 3727 1102 3777 Aristarchus
1119 3725 1350 3790 spuriosjudicarit.

274 3829 315 3897 (Iu
331 3827 409 3876 altera
424 3826 551 3875 Renarum
568 3822 712 3873 recensione
727 3820 803 3870 lectos
820 3818 896 3868 fuisse
912 3825 984 3882 putet
999 3818 1017 3869 J
1020 3854 1026 3865 .
1043 3817 1158 3880 sanger,
1180 3816 1265 3868 Ueber
1284 3815 1346 3866 Urn-

271 3916 401 3980 arbeitung
423 3915 520 3979 einiger
540 3928 576 3963 ar.
594 3911 752 3974 Koudetos.)
785 3908 934 3965 Caeterum,
949 3906 1061 3971 quisquis
1078 3906 1131 3970 ejus
1147 3905 1246 3955 distichi
1263 3916 1348 3954 auctor

271 4016 321 4066 est,
347 4005 433 4054 alludit
453 4013 479 4054 et
494 4004 538 4053 ille
553 4004 585 4052 ad
601 4001 725 4051 auxilium
741 4013 790 4063 quo
807 3997 985 4062 Cephisophcn
1000 3995 1148 4061 Euripidem
1164 3995 1190 4044 in
1207 4008 1281 4073 opere
1297 3997 1347 4042 tra·

271 4097 329 4161 gico
353 4095 471 4160 adjurare
496 4093 629 4143 serebatur.
646 4091 724 4140 -In
742 4087 947 4139 Acharnensibus
967 4087 1070 4152 θυρωρεῖ
1085 4085 1206 4149 Euripidi,
1224 4098 1303 4147 equo
1319 4098 1346 4132 ee

271 4190 378 4252 aliquem
399 4186 533 4251 supientiae
558 4184 666 4235 colorem
687 4181 792 4231 traxisse
814 4179 921 4228 ostendit
937 4179 1008 4228 dictis
1025 4178 1076 4227 suis
1092 4177 1211 4235 eruditis,
1228 4181 1255 4224 nt
1271 4188 1347 4237 supra

272 4294 328 4343 pag.
345 4279 379 4328 ot
394 4292 429 4342 sq.
446 4276 562 4325 vidimus.

305 4380 315 4412 ³
331 4373 410 4439 Apud
433 4368 591 4420 Athenaeum
607 4364 678 4414 vm
694 4377 752 4427 pag.
767 4361 832 4412 stab
847 4361 922 4410 etiam
942 4360 1106 4410 imitationem
1122 4355 1253 4407 monodiae
1269 4351 1348 4403 Euri·

272 4472 358 4536 pidem
374 4461 425 4525 legi
442 4456 540 4521 opinor,
558 4469 591 4504 ex
608 4452 727 4502 Axionici
743 4449 921 4514 Phileuripide.
