3216 5154
761 401 802 462 63

244 581 371 663 abiens,
413 585 552 666 quatuor
591 604 702 647 versus
732 583 848 648 recitat
881 583 1111 668 frigidissimos
1138 585 1157 648 ¹.
1207 583 1321 651 Medea

244 715 387 780 quoque,
414 693 491 758 dum
517 694 635 760 liberos
661 717 680 760 a
704 717 738 760 ee
762 695 903 761 dimittit
923 717 1004 782 quos
1028 696 1117 761 brevi
1140 705 1322 766 mactetura

244 813 310 891 est,
336 807 371 872 in
393 808 459 874 fine
485 808 604 874 nobilis
629 789 849 895 monologiae,
870 808 943 894 jure
967 832 1094 895 semper
1117 820 1150 877 et
1173 815 1322 880 certatim

244 921 412 1003 laudatae,
441 943 505 986 non
540 926 649 1006 potest
673 922 752 1007 quin
775 923 905 988 doctam
929 922 1028 988 addet
1051 925 1282 991 sententiolam
1297 927 1320 992 ⁹.

244 1211 294 1258 scio
310 1209 338 1257 in
354 1206 477 1271 Aeschyli
495 1207 676 1259 Eumenidibus
691 1213 798 1260 eundem
815 1224 914 1261 sensnm
931 1213 1053 1275 exprimi;
1070 1215 1113 1262 sed
1131 1215 1180 1262 duo
1190 1216 1323 1264 cumidem

244 1300 342 1356 dicunt,
359 1313 408 1346 non
427 1308 464 1348 est
482 1299 555 1348 idem.
589 1299 722 1363 Euripides
740 1301 780 1350 hic
796 1315 905 1364 quoqne,
923 1311 949 1350 ut
966 1301 1025 1350 alibi
1041 1302 1096 1367 plus
1112 1303 1196 1360 semel,
1207 1303 1323 1367 Aeschy-

242 1390 295 1439 lum
312 1399 470 1454 praepostere
487 1390 599 1440 imitatus
616 1400 661 1442 est.
696 1392 773 1454 Apud
788 1391 855 1441 hunc
872 1407 920 1442 noo
938 1393 991 1455 ipse
1009 1391 1123 1451 Orestes,
1135 1393 1324 1442 sedocusidicus

245 1480 350 1543 Apollo,
366 1480 405 1528 cni
423 1479 503 1529 multo
519 1479 616 1530 facilius
631 1483 754 1530 condones
771 1483 883 1544 argutias
895 1482 1006 1532 forenses
1013 1498 1088 1546 quam
1096 1483 1142 1546 ipsi
1151 1483 1323 1548 μητροκτόυῳ,

243 1571 299 1618 ideo
324 1569 371 1618 hoc
394 1577 542 1634 argumento
570 1570 648 1618 utitur
665 1576 695 1619 ut
705 1572 800 1634 prodet
818 1571 875 1635 (qua
892 1573 922 1621 de
938 1573 1007 1621 rein
1026 1572 1159 1642 Euripides
1175 1571 1258 1620 sabula
1274 1585 1324 1619 non

244 1659 338 1722 agitur)
355 1675 406 1708 τινα
426 1661 549 1709 adversus
565 1676 638 1709 scritta
654 1663 804 1725 ιαιιρυύαουι
821 1677 936 1724 predoctae
957 1663 1079 1713 Orestem.
1112 1662 1231 1726 Aeschyli
1248 1663 1325 1711 verba

194 1737 200 1750 ²
244 1747 379 1796 haecsunt
396 1748 441 1809 (vs.
459 1749 509 1798 ott
526 1750 599 1812 sqq.):

347 1861 444 1911 Chorus
461 1861 642 1914 Ehsmettdom.

473 1957 528 2010 πῶς
545 1954 594 2017 γὰρ
612 1954 640 2001 τὸ
658 1953 758 2018 φεύγειν
775 1952 842 2002 τοῦδ’
862 1951 1002 2017 ὑπερδικεῖς
1019 1954 1083 2018 δραι

471 2042 499 2089 τὸ
515 2042 612 2105 μητρὸς
629 2041 681 2107 αἷμ’
699 2041 809 2106 ὅμαιμον
826 2041 915 2106 ἐκχέας
933 2041 1017 2105 πέδοι,

472 2127 547 2178 ἔπειτ’
564 2129 592 2178 έν
604 2128 690 2195 Ἀργει
706 2126 801 2194 δώματ’
819 2128 915 2189 οίκὴσει
933 2131 1044 2193 πατρός;

473 2219 567 2268 ποίοισι
585 2220 683 2283 βωμοῖς
700 2219 831 2284 χρώμενος
849 2223 903 2277 τοῖς
921 2217 1032 2283 δημίοις;

473 2308 538 2357 ποία
555 2307 579 2357 δὲ
597 2307 687 2372 χέρνιψ
704 2307 835 2373 φρατέρων
853 2307 1025 2372 spurcitierum

344 2424 442 2487 Apollo.

482 2516 524 2582 καί
542 2517 617 2564 τούτο
635 2515 710 2577 λέξω,
728 2517 768 2564 καί
784 2515 843 2581 μάθ’
861 2517 895 2574 ὡς
912 2516 992 2580 ὀρθῶς
1009 2519 1064 2581 έρῶ.

477 2605 522 2653 ούκ
539 2606 592 2655 ἔστι
607 2605 689 2670 μήτηρ
705 2605 721 2666 ἡ
739 2605 877 2670 κεκλημένη
895 2606 983 2656 τέκνου

474 2696 574 2757 τοκεύς,
592 2697 684 2760 τροφὸς
701 2696 725 2746 δέ
744 2696 857 2759 κύματος
874 2697 1025 2760 νεοσπόρου.
1041 2762 1045 2769 Ι

279 2835 444 2900 caeteroquin
469 2838 534 2898 apud
557 2835 713 2900 Aeschylum
735 2849 834 2899 quoque
859 2835 901 2884 illo
927 2835 991 2884 dicto
1017 2835 1123 2886 libenter
1148 2851 1272 2895 carerem,
1298 2845 1326 2885 ut

246 2924 272 2972 in
299 2924 439 2989 Ὀρεστείας
463 2926 552 2975 fabulis
573 2934 659 2990 pectus
685 2939 734 2974 non
760 2939 816 2975 raro
840 2925 959 2975 desidero.
994 2925 1098 2976 Certum
1123 2935 1162 2976 est
1177 2928 1324 2991 Euripidem

247 3029 298 3064 non
322 3017 402 3080 magis
430 3016 535 3066 feliciter
564 3017 604 3064 hic
629 3015 749 3080 Aeschyli
775 3015 884 3078 vestigia
912 3030 1025 3079 premere
1055 3031 1129 3078 qnam
1154 3016 1214 3065 alibi
1240 3017 1271 3066 ab
1296 3031 1325 3066 eo

246 3104 357 3156 discedit.

281 3195 395 3259 Denique
419 3197 485 3259 apud
510 3194 678 3258 Aeschylum,
702 3193 802 3244 feminei
827 3209 902 3244 sexus
926 3202 1117 3254 contemtorem,
1141 3195 1221 3244 multo
1245 3196 1326 3245 nrinus

246 3285 388 3334 offensionis
411 3285 483 3334 habet
499 3285 555 3335 talis
572 3285 705 3344 sententia,
722 3300 797 3349 quam
814 3286 839 3333 in
856 3283 986 3348 tragoedis
1001 3284 1142 3347 Euripidis,
1160 3285 1202 3349 qui
1219 3285 1324 3335 fortasse

247 3373 364 3424 mulieres
388 3376 486 3434 oderat,
512 3374 557 3423 sed
581 3389 622 3424 eas
648 3375 701 3422 sine
726 3374 801 3424 dubio
822 3388 872 3423 non
892 3373 1072 3438 vilipendebat,
1095 3376 1163 3424 etin
1179 3374 1281 3433 fabulis,
1299 3382 1326 3424 ut

247 3463 348 3528 posthac
365 3463 503 3514 videbimus
519 3463 590 3528 (Cap.
607 3465 668 3527 VI),
684 3464 777 3527 primas
794 3463 846 3512 fere
863 3472 946 3527 partes
963 3464 993 3512 iis
1008 3464 1102 3514 tribuit.

280 3553 288 3584 ¹
322 3554 449 3605 Phoeniss.
480 3567 516 3602 vs.
549 3555 611 3604 1022
641 3569 707 3617 sqq.,
732 3554 778 3602 hoc
804 3567 889 3602 sensu:
916 3553 979 3603 bene
1004 3567 1030 3604 se
1056 3555 1177 3606 haberent
1199 3553 1324 3614 civitates,

246 3647 267 3694 si
292 3659 378 3695 omnes
401 3645 468 3694 cives
492 3643 640 3707 reipublicae
665 3644 830 3692 consulerent.
863 3643 942 3695 “Cive
972 3643 1049 3708 digne
1070 3644 1208 3694 sententis”
1224 3644 1325 3694 adnotm

246 3735 436 3786 Valckenarius.
470 3735 528 3784 Non
553 3748 630 3798 nego,
654 3734 728 3782 modo
752 3748 797 3797 per
822 3747 847 3783 se
869 3735 981 3797 legatur,
1002 3742 1133 3784 contextus
1155 3734 1225 3782 nulla
1241 3735 1324 3783 hahita

247 3826 351 3875 ratione.

279 3911 291 3945 ³
322 3916 457 3978 Postquam
483 3928 574 3978 magno
598 3927 655 3963 cum
680 3911 770 3962 affectu
792 3911 919 3962 horrificos
941 3925 1028 3961 versus
1046 3911 1121 3972 fudit,
1139 3928 1235 3962 summo
1251 3919 1325 3977 poeta

247 4005 335 4069 dignos
352 4005 432 4066 (Med.
452 4006 516 4057 1078
531 4006 585 4069 sq.):

473 4097 514 4144 καὶ
531 4094 653 4159 μανθάνω
670 4095 716 4159 μέν
733 4094 774 4143 οἶα
791 4093 855 4157 δρᾶν
870 4091 953 4157 μέλλω
971 4091 1047 4152 κακά,

473 4187 551 4251 θυμὸς
568 4185 594 4235 δὲ
610 4184 732 4250 κρείσσων
748 4188 800 4234 τῶν
816 4184 883 4248 ἐμῶν
898 4181 1091 4247 βουλευμάτων,

247 4277 339 4326 utinam
365 4292 378 4326 e
401 4291 475 4326 scena
490 4275 653 4325 discessisset!
688 4274 739 4325 Sed
754 4281 815 4323 tunc
829 4286 879 4322 non
894 4285 954 4321 vere
971 4276 1036 4321 esset
1052 4269 1156 4319 heroine
1174 4270 1323 4335 Euripides,

246 4365 355 4417 subsistit
372 4366 451 4416 adhuc
466 4374 494 4415 ut
509 4380 587 4416 unum
604 4364 753 4420 versiculum
771 4363 845 4412 addat
861 4375 962 4425 prorsus
975 4359 1090 4423 jejunum

474 4455 552 4518 ὅσπερ
569 4456 694 4521 μεγίστων
711 4455 791 4512 αίτιος
809 4457 891 4502 κακῶν
908 4451 1022 4516 βροτοῖς.
1159 4443 1160 4446 ¹
