3222 5170
768 427 830 489 138

256 613 333 670 1125
360 627 395 668 ex
421 607 559 686 Sapieute
591 607 761 689 Melanippe
782 614 900 670 sumtus
921 614 965 669 est
987 607 1092 684 (Dind.
1114 608 1220 686 fragm.
1241 611 1330 686 487),

253 710 284 764 et
304 723 340 766 ex
360 702 526 765 Erechtheo
547 723 589 764 νε.
614 706 706 777 1131,
727 704 807 784 quod
828 712 928 764 tamen
950 723 1018 764 cum
1038 702 1176 764 Nauckio
1197 703 1331 780 (Eragm.

254 803 311 861 365
334 800 438 880 Diud.)
459 799 569 862 rectius
589 800 698 861 referas
719 800 756 860 ad
778 819 821 861 νε.
845 804 932 861 1135.

292 894 369 955 Vera
398 894 436 954 ad
456 893 656 971 fragmentum
670 892 860 972 Melanippes
879 886 991 954 scribit
1003 893 1180 972 Wagucrus:
1214 891 1331 952 “Schol.

244 977 314 1049 ¹“ad
339 1009 382 1051 vs.
404 992 480 1065 αὐτὴ
502 1023 541 1034 ·-
564 990 627 1074 ἔχω
649 994 785 1049 annotat:
806 994 824 1055 ὁ
847 994 960 1076 στίχος
981 992 1012 1054 ἐκ
1040 998 1142 1074 σοφῆς
1170 986 1331 1053 Μελανίπ-

254 1090 335 1160 “πης
362 1080 544 1171 Εὐριπίδου.
588 1082 645 1143 Sed
673 1083 782 1162 reliqui
809 1102 926 1163 quoque
952 1082 1146 1163 Euripideum
1166 1083 1332 1143 orationem

254 1179 407 1258 “sapinut,
434 1183 469 1239 ut
495 1196 558 1251 eos,
580 1178 607 1239 si
627 1177 665 1237 ab
686 1177 829 1257 Euripide
851 1196 911 1239 uon
935 1179 979 1238 ita
998 1178 1124 1257 profecti
1146 1182 1231 1249 suut,
1253 1184 1331 1238 certe

254 1274 406 1353 “proxime
434 1271 471 1331 ad
497 1271 726 1351 Euripideorum
747 1292 885 1334 versuum
906 1273 1074 1352 exemplum
1094 1273 1180 1333 fictos
1201 1291 1271 1346 esse,
1284 1271 1332 1349 ju·

254 1367 434 1429 “dicandum
455 1367 529 1428 sit.”

294 1464 379 1526 Idem
396 1469 522 1548 annotat
546 1482 649 1525 versus
670 1462 880 1546 Ὀλυμπίασιν
902 1499 940 1508 -
963 1469 1139 1550 περαίνεται
1154 1464 1331 1545 Euripideos

253 1560 346 1621 videri
368 1559 573 1639 (quodetiam
595 1564 695 1619 censet
717 1558 853 1619 Diudorf.
874 1559 906 1618 iu
921 1559 1023 1620 adnot.
1040 1558 1079 1619 ad
1092 1558 1213 1639 schol),
1236 1565 1266 1620 et
1286 1560 1330 1620 ul·

254 1655 361 1716 timum
393 1659 513 1734 “aperte
544 1653 683 1732 Euripidi
709 1653 856 1714 tributum
882 1673 944 1716 esse
972 1672 1135 1733 agramm.
1156 1655 1189 1715 iu
1209 1654 1331 1715 Bachm.

252 1749 363 1812 Aueod.
385 1749 436 1810 Gr.
458 1750 474 1808 Ι
496 1768 565 1828 pag.
589 1755 661 1821 191,
685 1752 753 1810 26.”
795 1748 901 1824 (Dind.
924 1750 1030 1828 fragm.
1057 1752 1140 1828 365.)

291 1905 486 1984 mesmopr.
509 1924 551 1965 vs.
574 1909 625 1965 21:

411 2001 480 2065 οἷόν
501 2027 530 2064 τι
550 2028 612 2065 που
635 2004 714 2066 ’στὶν
735 2004 765 2065 αἱ
786 1999 882 2087 σοφαὶ
907 1998 1083 2075 Ευνουσῖαι·

252 2093 388 2162 Imitatio
409 2094 515 2172 tragici
536 2112 649 2154 versus:
722 2152 729 2186 ζ
966 2167 975 2184 .

413 2196 507 2274 σοφοὶ
532 2193 682 2277 τύραννοι
703 2183 766 2255 raim
789 2196 899 2277 σοφῶν
922 2189 1089 2275 ξυνουσίᾳ,

251 2301 339 2362 quem
360 2283 461 2356 multi,
483 2289 514 2343 et
533 2283 613 2343 inter
633 2302 683 2344 eos
704 2283 807 2357 Plato,
825 2284 962 2363 Euripidi
978 2285 1156 2358 tribuerunt,
1172 2285 1332 2346 scholiasta

252 2384 366 2450 tamen,
395 2383 425 2437 et
445 2384 534 2438 'recte
563 2384 598 2438 ut
629 2377 760 2452 videtur,
796 2379 951 2440 contendit
983 2398 1018 2440 ex
1053 2379 1207 2459 Sophoclis
1238 2380 1330 2459 Ajace

253 2473 346 2533 Locro
375 2478 508 2533 sumtum
539 2491 614 2544 esse;
646 2471 742 2548 addit,
764 2475 838 2535 satis
858 2473 975 2553 jejune,
997 2474 1062 2535 fieri
1082 2494 1168 2554 posse
1188 2480 1223 2535 ut
1245 2476 1330 2536 Euri·

251 2567 335 2646 pides
355 2565 481 2627 eundem
503 2586 620 2628 versum
640 2569 812 2646 protulerit,
836 2570 854 2645 ἢ
877 2569 935 2635 οὖν
955 2567 1095 2646 ἐπίτηδες
1115 2572 1167 2636 ‘iva
1188 2576 1236 2636 xci
1256 2575 1331 2646 τοὺς

252 2660 376 2737 ἄλλους
407 2660 600 2748 ἐξαπατήσῃ,
633 2664 651 2738 ἢ
684 2668 899 2748 συνέμπτωσις
928 2664 1085 2751 Σοφοκλεῖ
1106 2671 1154 2731 καὶ
1177 2663 1331 2752 Εὐριπίδῃ

252 2761 381 2844 ἐγένετο.
403 2791 443 2801 -
474 2757 573 2836 Plagii
594 2757 769 2836 Euripidem
790 2759 827 2818 ab
848 2759 1048 2838 Aristophane
1070 2760 1190 2839 oblique
1211 2761 1331 2838 coargui

251 2853 313 2932 jam
334 2851 396 2912 dixi
417 2871 464 2913 me
483 2871 545 2912 uon
565 2852 681 2913 credere
703 2854 734 2912 iu
755 2859 856 2914 annot.
880 2859 897 2914 2
919 2873 987 2933 pag.
1010 2859 1058 2915 56.

907 2951 1020 3014 (Fragm.
1036 2950 1113 3013 Soph.
1133 2951 1163 3000 12
1179 2950 1267 3011 Diud.)

294 3090 376 3154 lhld.
405 3109 447 3150 vs.
472 3094 529 3150 120
550 3092 583 3152 in
603 3091 771 3170 Agathonis
792 3093 909 3153 cantico
930 3096 1088 3180 κρούματα
1109 3089 1242 3167 ἁσιάδος
1264 3090 1331 3171 (pro

253 3215 299 3273 xp·
317 3183 461 3271 κιθάρας)
478 3185 514 3244 ab
531 3185 731 3265 Aristophane
745 3187 840 3266 petita
855 3192 926 3248 suut
941 3205 976 3246 ex
988 3186 1141 3266 Euripidis
1155 3186 1330 3247 Erechtheo.

901 3282 1015 3344 (Eregm.
1032 3283 1094 3332 Eur.
1112 3281 1158 3332 ³71
1177 3282 1266 3343 Dina.)

294 3419 376 3484 lbld.
400 3437 442 3479 vs.
467 3426 522 3482 177
545 3437 589 3498 sq.
612 3419 769 3498 Euripides
790 3420 832 3481 sic
854 3419 1016 3499 alloquitur
1037 3422 1239 3501 Agathonem:

416 3514 576 3602 Ἀγάθων,
600 3522 702 3601 σοφοῦ
724 3518 806 3604 πρὸς
829 3512 965 3603 ἀνδρός,
988 3521 1076 3592 ὅστις
1101 3521 1134 3582 ἐν
1152 3515 1271 3606 βραχεῖ

414 3609 561 3684 πολλοὺς
583 3608 690 3685 καλῶς
711 3611 782 3685 οἶός
803 3638 833 3675 τε
857 3613 1034 3694 συντέμνειν
1056 3611 1190 3698 λόγους·

294 3703 340 3764 Ex
361 3703 514 3782 Euripidis
534 3704 641 3777 Aeolo,
663 3705 716 3765 ubi
737 3705 780 3764 ita
799 3705 965 3782 legebatur:

333 3877 344 3895 ·
415 3795 536 3874 παῖδες,
559 3807 661 3886 σοφοῦ
682 3803 765 3887 πρὸς
788 3795 922 3886 ἀνδρός,
946 3804 1035 3876 ὅστις
1056 3806 1089 3866 ἐν
1109 3799 1227 3888 βραχεῖ

414 3891 562 3968 πολλοὺς
583 3893 707 3980 λόγους
729 3895 797 3967 οἷός
818 3922 849 3958 τε
871 3897 1048 3977 συντέμνειν
1074 3896 1189 3972 καλῶς·

994 3991 1109 4054 (Fragm.
1126 3992 1159 4040 28
1175 3991 1265 4052 Dind.)

296 4078 385 4142 lhlrl,
401 4097 443 4138 vs.
469 4083 525 4139 193
547 4097 614 4158 sqq:

286 4175 393 4251 Agara.
418 4171 579 4262 Εὐριπίδη·

496 4271 570 4330 Eur.
592 4274 622 4334 ri
647 4271 743 4344 ἕστιυῐ

656 4391 764 4467 Apoll.
786 4392 937 4466 ἐποίησάς
959 4419 1033 4459 ποτε

351 4543 353 4548 .
415 4490 558 4572 “palpare
580 4489 666 4572 ὁρῶν
687 4489 773 4571 φῶς,
795 4487 910 4572 ποτέρα
933 4483 958 4552 δ’
982 4489 1019 4552 οὐ
1036 4491 1157 4574 χαίρειν
1177 4483 1309 4563 hostie?
