3222 5170
813 422 855 482 86

344 606 433 669 Num
457 603 557 689 igitur
580 603 723 668 dicemus
748 607 815 668 tam
839 602 998 686 injustum
1023 607 1080 666 aut
1103 608 1169 668 tam
1183 605 1373 688 par-umsibi

299 718 554 785 consentientem
588 717 688 784 fuisse
718 717 984 802 Aristophanem,
1009 723 1046 782 ut
1070 739 1152 802 quae
1175 717 1246 802 ipse
1269 719 1374 785 facere

301 833 417 898 soleret
439 832 474 895 in
497 831 597 896 altero
621 830 879 915 reprehenderit?
902 831 956 895 An
980 831 1089 916 potius
1113 853 1182 896 rem
1193 831 1373 898 confectam

300 945 502 1013 censebimus
535 943 678 1009 indicato
701 942 889 1029 discrimine
912 943 998 1008 inter
1014 943 1156 1029 tragicae
1174 951 1207 1009 et
1230 944 1373 1009 comicae

299 1081 412 1126 scenae
446 1058 556 1143 leges?
589 1057 715 1122 Neutra
747 1057 799 1121 via
822 1078 874 1122 me
903 1055 1013 1140 judice
1037 1057 1078 1121 ad
1105 1077 1239 1142 scopum
1262 1055 1370 1134 ducit3

297 1172 446 1258 inprimis
481 1191 555 1234 vero
588 1170 767 1235 cavendum
803 1191 843 1235 ne
879 1169 959 1235 duas
994 1191 1045 1235 res
1079 1169 1215 1235 minime
1242 1170 1372 1236 easdem

297 1285 382 1350 inter
416 1305 450 1349 se
485 1281 744 1367 permisceamus.
793 1281 867 1347 Non
902 1281 936 1346 id
970 1273 1170 1368 culpandum
1200 1282 1372 1349 videbatur

296 1397 429 1480 comico,
455 1396 541 1480 quod
564 1394 737 1480 Euripides
759 1394 839 1460 mole
862 1394 902 1461 de
924 1394 1116 1460 mulieribus
1131 1395 1317 1481 loqueretur
1338 1404 1371 1462 et

297 1511 455 1597 improbas
491 1510 526 1574 in
558 1501 687 1576 scenam
722 1509 870 1591 duceret,
907 1508 964 1574 sed
998 1509 1084 1596 quod
1106 1509 1141 1574 in
1164 1509 1284 1576 fabulis
1308 1520 1371 1576 tom

295 1628 422 1693 inscitum
445 1648 498 1692 eas
521 1624 693 1709 respiceret
715 1629 888 1708 tantasque
911 1623 951 1688 iis
976 1623 1132 1688 tribueret
1154 1628 1295 1718 partes

342 1744 381 1806 ln
416 1761 511 1806 scena
550 1736 787 1823 Aristophanen
810 1738 849 1803 de
873 1738 973 1804 altero
998 1759 1076 1803 sexu
1101 1759 1195 1822 saepe
1218 1739 1368 1824 quidem,

297 1855 352 1920 sed
398 1854 518 1938 absque
565 1850 634 1916 ulla
682 1851 884 1935 reverentia,
928 1850 1007 1936 quin
1056 1850 1162 1916 dicam
1215 1852 1402 1936 probrose·

296 1969 422 2054 agitur,
454 1971 487 2030 et
519 1964 566 2029 ita
598 1971 635 2029 ut
657 1962 847 2066 plerumque
870 1963 1039 2030 materiem
1062 1965 1214 2050 praebeat
1240 1965 1370 2030 cachin-

297 2081 347 2144 nis
381 2099 496 2163 parum
530 2075 730 2158 verecundis,
767 2098 831 2141 non
867 2098 938 2143 raro
973 2077 1073 2142 etiam
1107 2076 1142 2140 in
1169 2082 1369 2142 contemtum

296 2193 493 2275 adducatur,
519 2212 687 2275 nunquam
705 2211 778 2254 vero
796 2189 896 2255 talem
913 2190 946 2254 in
958 2191 1110 2273 modum,
1124 2196 1162 2255 ut
1174 2195 1370 2276 spectatores

296 2305 425 2372 discant
447 2303 487 2368 de
498 2302 687 2368 mulieribus
699 2303 781 2368 bene
792 2305 912 2369 sentire
924 2309 955 2383 1;
980 2326 1039 2370 nec
1053 2303 1175 2389 majore
1186 2305 1256 2369 loco
1268 2303 1369 2369 comi-

296 2439 351 2482 cus
376 2438 429 2482 eas
460 2421 610 2481 numerat
632 2437 730 2502 quam
765 2438 872 2482 servos
907 2417 1078 2482 sceleratos
1114 2417 1164 2481 rel
1201 2409 1377 2483 famelicos

294 2523 462 2615 parasitas.
490 2528 526 2596 Si
536 2529 623 2594 idem
633 2529 755 2615 egisset
766 2508 1037 2616 Euripides,sine
1049 2531 1147 2596 dnbio
1159 2529 1368 2615 plaudentem

295 2644 358 2709 sibi
392 2643 559 2710 habuisset
591 2643 864 2729 Aristophanem,
901 2666 1005 2730 neque
1037 2645 1123 2710 hunc
1156 2643 1370 2708 offendissent

295 2757 357 2822 loci
389 2757 445 2822 ubi
481 2756 654 2842 Euripides
689 2757 757 2824 sive
789 2756 824 2820 in
847 2756 1038 2822 muliebrem
1062 2778 1175 2822 sexum
1199 2756 1367 2836 universe,

296 2870 364 2934 sive
398 2869 432 2933 iu
470 2876 556 2935 certa
590 2853 746 2955 quaedam
782 2869 852 2954 ejus
880 2870 960 2934 vitia
982 2869 1155 2935 invehitur.
1184 2870 1247 2936 Sed
1271 2869 1368 2954 longe

295 2983 456 3048 diversam
490 2982 578 3047 viam
602 2982 767 3067 ingressus
792 2986 843 3047 est
866 2983 1026 3068 tragicus,
1051 2983 1142 3068 cujus
1169 2983 1203 3047 in
1226 2982 1367 3063 fabulis,

295 3083 368 3162 curii
402 3117 460 3180 pro
489 3094 635 3162 molliore
670 3116 733 3180 quo
764 3096 917 3161 utebatur
941 3097 1047 3180 poesis
1070 3118 1206 3181 genere,
1232 3096 1303 3161 tu'm
1326 3095 1368 3160 ob

295 3209 440 3274 nativam
463 3207 626 3293 quandam
648 3213 761 3293 poetae
785 3208 944 3292 indolem,
970 3230 1060 3274 amor
1074 3209 1264 3294 plerumque
1274 3230 1369 3294 prora

295 3327 328 3388 ot
359 3321 478 3408 puppis
512 3326 562 3387 est
575 3321 598 3384 ².
649 3321 756 3401 Quum
791 3321 971 3406 Aeschylus
1006 3323 1039 3387 in
1078 3323 1244 3409 tragoedia
1266 3323 1368 3387 amori

267 3437 269 3441 ’
294 3436 440 3518 nullum,
452 3433 642 3499 mulieribus
654 3433 816 3498 modicum
830 3435 991 3500 duntaxat
1003 3435 1110 3501 locum
1122 3435 1366 3517 concessisset³,

294 3548 350 3613 ille
373 3547 498 3612 nullam
521 3567 622 3632 paene
645 3545 790 3611 fabulam
813 3547 996 3632 composuit
1011 3547 1090 3632 quin
1102 3547 1219 3613 mulier
1231 3568 1366 3634 magnas

326 3756 333 3788 ¹
367 3757 447 3808 Caret
453 3756 634 3820 Aristophanes
647 3771 678 3806 ne
691 3772 747 3806 suas
755 3759 841 3808 Musas
847 3761 1015 3824 προαγωγοὺς
1024 3759 1157 3822 ἀποφαίνῃ
1163 3759 1241 3822 vesp.
1252 3774 1288 3807 vs.
1296 3760 1367 3809 1028,

323 3845 335 3878 ²
367 3846 496 3910 Longinus
522 3847 576 3910 περὶ
603 3845 682 3910 ὕφους
699 3861 751 3910 cap.
777 3849 819 3896 lb:
838 3849 891 3896 ἔστι
907 3849 953 3915 μὲν
971 3847 1017 3897 οὖν
1034 3849 1242 3912 φιλοπονώτατος
1260 3848 1273 3896 ὁ
1291 3850 1365 3912 Εὐρι-
1447 3841 1454 3852 ’

291 3937 365 3997 πίδης
383 3937 428 3986 tto
446 3937 518 3986 ταυτὶ
535 3937 620 3998 πάθη,
638 3939 731 4000 μανίας
749 3955 773 3986 τε
791 3937 831 3986 καὶ
849 3939 956 4003 ἔρωτας,
975 3935 1174 4002 ἐκτραγφὸῆσαι,
1192 3937 1240 3986 κὰν
1257 3937 1365 3999 τούτοις,

234 4064 236 4069 ,
291 4027 325 4084 ὡς
342 4027 386 4075 οὐκ
404 4024 448 4075 old'
466 4026 486 4074 εἲ
504 4043 569 4074 τισιν
585 4025 688 4090 ἑτέροις,
706 4025 911 4090 ἐπιτυχέστατος.

323 4117 333 4148 ³
365 4116 509 4179 Aeschylus
526 4117 552 4164 in
569 4117 648 4166 Ranis
665 4132 701 4166 vs.
720 4119 785 4168 1026
800 4132 844 4181 sq„
865 4118 928 4168 1043
944 4133 992 4182 sq.:

452 4241 454 4245 -
475 4205 585 4264 ’διδάξας
603 4204 702 4272 Πέρσας
719 4209 782 4269 μετὰ
800 4204 869 4255 τοῦτ’
886 4206 1017 4270 ἐπιθυμεῖν
1034 4205 1160 4261 ἐξεδίδαξα

386 4296 459 4344 νικᾶν
476 4295 512 4343 ἀεὶ
531 4281 590 4351 τοὺς
607 4293 780 4356 ἀντιπάλους,
799 4295 927 4357 κοσμήσας
945 4295 1019 4357 ἔργον
1037 4293 1142 4357 ἄριστον
1153 4291 1202 4341 xri.

376 4383 440 4432 ‘stat'
459 4384 488 4431 οὐ
505 4385 540 4447 μὰ
558 4381 595 4431 Δί’
613 4383 641 4431 οὐ
660 4383 770 4447 Φαίδρας
787 4383 891 4431 ἐποίουν
909 4383 1007 4445 πόρνας
1025 4381 1080 4430 οὐδὲ
1099 4382 1263 4443 Σθενεβοίας,

383 4473 434 4522 οὐδ’
454 4473 499 4524 οἶδ’
517 4472 599 4532 οὐδεὶς
616 4472 697 4534 ἥντιν’
716 4473 813 4536 ἐρῶσαν
831 4471 929 4520 πώποτ’
947 4472 1055 4531 ἐποίησα
1074 4476 1190 4543 γυναῖκα,
