3216 5154
799 413 837 473 12

284 594 433 660 bularum
456 601 565 660 autern
586 593 847 680 Euripidearu'rn,
871 616 950 679 quas
976 596 1207 679 praecaeteris
1229 598 1351 663 comico

284 713 373 774 aceto
399 708 602 774 adversarius
626 707 782 793 perfudit,
796 707 967 793 pleraeque
979 708 1162 794 perierunt,
1175 710 1352 796 Telephus,

283 821 509 904 Andromeda,
534 821 738 906 Melanippe,
761 819 991 905 Bellerophon,
1011 822 1197 908 multaeque
1216 823 1315 902 aliae3
1336 847 1352 890 e

284 935 514 1021 superstitibus
538 935 624 1000 solae
649 933 1040 1019 Hippolytus,·Hecuba,
1061 934 1187 1000 Helena
1201 937 1352 1002 videntur

284 1073 303 1115 a
327 1048 448 1115 comico
471 1049 628 1114 attentius
653 1069 723 1113 esse
746 1048 940 1132 exploratae.
980 1047 1108 1114 Periere
1130 1070 1225 1134 porro
1240 1050 1351 1116 imita-

284 1165 388 1229 tiones
422 1164 606 1228 dramatum
640 1162 906 1247 Euripideorum,
940 1183 1019 1248 quas
1052 1185 1092 1227 ex
1116 1162 1228 1229 eadem
1251 1165 1353 1232 divite

284 1300 384 1362 vena,
428 1299 510 1363 quae
549 1276 803 1361 Aristophanem
846 1295 1013 1360 nunquam
1047 1275 1182 1360 defecit,
1217 1278 1351 1345 haustus

284 1392 402 1476 fuisse,
436 1397 469 1457 et
501 1390 606 1455 multa
640 1387 840 1454 continuisse
871 1388 912 1452 ad
941 1386 1104 1472 judicium
1132 1390 1172 1454 de
1197 1391 1353 1477 Euripide

284 1503 499 1590 pertinentia,
524 1502 596 1588 quis
621 1502 748 1587 estqui
772 1500 923 1567 dubitet?
970 1500 999 1565 E
1022 1508 1219 1568 caeterorum
1243 1511 1353 1570 autem

285 1618 480 1684 comicorum
518 1615 656 1698 fabuliS,
700 1614 817 1700 quibus
853 1613 1159 1700 ἀνασελγαινόμενος
1183 1612 1354 1702 Εὐριπίδης

284 1731 459 1817 aliquando
491 1729 570 1793 trita
601 1728 666 1793 fere
695 1727 845 1792 materies
868 1727 932 1792 fuit
949 1727 975 1811 ¹,
1001 1729 1084 1793 nihil
1108 1729 1240 1794 omnino
1264 1737 1351 1796 aeta-

285 1850 352 1910 tem
374 1843 460 1909 tulit.
580 1927 581 1932 ἵ

331 1958 419 2037 Quae
453 1963 562 2020 tamen
595 1957 769 2036 supersunt
792 1953 962 2038 utriusque
985 1959 1098 2038 poetae
1122 1953 1261 2039 scripta,
1287 1978 1352 2020 non

286 2077 354 2136 tam
377 2075 455 2135 sunt
477 2089 580 2153 pauca
602 2065 681 2152 quin
705 2087 745 2131 ex
768 2065 808 2130 iis
832 2066 912 2131 satis
935 2070 1081 2132 accurate
1103 2066 1208 2150 possit
1231 2069 1351 2154 colligi,

285 2182 364 2268 quid
395 2189 429 2246 et
457 2201 520 2265 quo
547 2179 621 2263 jure
644 2178 726 2244 alter
749 2179 788 2243 de
812 2179 913 2244 altero
931 2179 1103 2263 judicarit,
1128 2179 1178 2244 vel
1200 2216 1245 2230 --
1268 2181 1352 2266 quod

286 2296 399 2362 eodem
433 2293 518 2358 redit
549 2329 593 2340 -
622 2293 657 2356 in
680 2292 781 2357 altero
804 2291 1014 2376 vituperarit3
1038 2311 1114 2356 narn
1138 2291 1301 2359 laudanda
1324 2295 1352 2359 si

285 2431 349 2495 qua
382 2408 417 2472 in
445 2405 601 2492 Euripide
625 2379 751 2470 iirvenit
774 2406 935 2490 comicus,
960 2427 1128 2491 nunquam
1151 2406 1266 2472 effatus
1290 2414 1348 2472 est.

287 2522 350 2587 Sed
372 2520 549 2618 hocplura
574 2519 609 2582 in
634 2540 671 2584 eo
693 2519 937 2601 condemnavit,
960 2540 1043 2604 quae
1064 2541 1130 2584 non
1146 2511 1352 2585 maleita'me

286 2633 427 2699 dividere
460 2640 493 2698 et
520 2632 669 2716 ordinare
698 2638 794 2716 pute,
819 2639 856 2710 ut
880 2633 985 2697 dicam
1008 2632 1169 2717 tragicum
1192 2633 1221 2697 ei
1244 2632 1351 2698 visum

285 2770 354 2814 esse
388 2748 514 2813 deorum
545 2755 770 2829 contemtorem,
791 2735 1037 2842 νολυμήχανου
1051 2745 1074 2818 ²,
1105 2749 1138 2810 ia
1166 2767 1259 2812 scema
1275 2746 1351 2831 plri-

285 2861 442 2947 losoplmm
465 2873 494 2927 et
514 2861 678 2942 rhetorem,
702 2881 819 2926 meram
842 2868 1064 2944 corruptorem,
1090 2863 1228 2946 tropicae
1249 2861 1349 2947 dippi-

284 2979 359 3040 tctis
389 2975 595 3059 perditorem,
631 2971 745 3038 molam
777 2971 914 3057 denique
941 2975 974 3036 m
986 2970 1113 3056 sabulis
1135 2973 1351 3058 componendis

285 3087 433 3170 artificem
464 3093 497 3152 et
527 3091 560 3152 m
581 3084 716 3152 'uersibus
731 3084 911 3170 perpendis
934 3087 1144 3169 importunam
1165 3096 1348 3152 occatorem.

332 3187 380 3262 De
401 3198 452 3263 his
478 3199 579 3284 igitur
602 3196 791 3263 criminibus
809 3195 999 3280 siugulatim
1008 3196 1077 3280 jam
1091 3198 1153 3263 erit
1164 3198 1348 3264 videndum.

319 3409 327 3440 ¹
344 3410 424 3460 Arist.
441 3411 493 3459 Vos
511 3446 516 3457 .
534 3411 573 3459 61.

318 3499 328 3530 ²
345 3500 400 3548 Hoc
416 3424 573 3557 vocabidum,
590 3501 654 3562 quod
671 3513 716 3547 suo
732 3498 786 3547 loco
802 3497 974 3561 explicabitur,
993 3499 1072 3563 elegi,
1089 3499 1147 3562 quia
1163 3498 1231 3547 nulla
1246 3497 1353 3547 dictione

286 3590 377 3639 Latina
391 3591 476 3639 eadem
493 3603 532 3638 res
551 3603 627 3652 aeque
644 3589 770 3652 perspicue
787 3587 938 3650 designatur.
