3216 5154
757 400 798 462 35

239 583 294 647 sed
330 588 426 648 natus
458 584 499 647 ad
531 605 611 668 opus
643 583 828 668 Musarum,
861 605 925 650 non
950 583 1064 650 dubito
1088 581 1166 670 quin
1190 605 1311 651 novum

240 685 384 760 scenicae
415 697 521 781 poesis
550 718 654 781 genus
675 697 916 782 excogitaturus
940 697 1073 781 fuisset,
1098 699 1164 763 suis
1189 698 1310 764 viribus

238 808 435 894 respondens
459 831 563 895 neque
585 789 736 896 pugnans
752 829 826 875 curn
839 811 1002 876 sentiendi
1015 816 1047 877 et
1059 810 1312 898 philosophandi

180 947 183 950 ·
238 921 362 986 ratione
389 911 528 1008 quaeci
558 928 627 988 erat
658 923 802 1008 propria:
837 923 963 1009 primus
995 925 1110 1010 opinor
1141 922 1197 992 ille
1226 927 1309 992 exii-

238 1034 333 1100 tisset
374 1040 485 1107 auctor
520 1056 621 1101 novae
655 1036 846 1102 comoediae,
896 1037 982 1102 Nam
1021 1039 1104 1104 istuc
1146 1061 1205 1104 sua
1235 1061 1310 1105 eum

237 1152 354 1212 natura
383 1147 526 1230 ferebat,
561 1155 594 1214 et
622 1150 745 1216 multae
780 1171 819 1215 ex
849 1149 917 1235 ejus
952 1149 1073 1217 fabulis
1101 1153 1247 1237 proxime
1270 1153 1309 1217 ad

237 1283 308 1326 eam
332 1261 490 1326 accedunt
505 1263 524 1325 ¹.
575 1263 706 1328 Scilicet
728 1263 873 1328 maxima·
895 1263 1062 1348 Euripidis
1086 1265 1175 1349 laus,
1193 1270 1231 1330 ut
1240 1264 1310 1350 jam

240 1373 400 1457 indicavi,
435 1380 487 1439 est
520 1375 628 1460 posita
661 1376 695 1440 in
727 1376 901 1462 pingendis
934 1378 1166 1465 monendisque
1188 1377 1311 1454 affecti·

238 1487 297 1552 bus
313 1497 337 1571 2,
362 1492 396 1553 et
420 1486 455 1550 in
479 1494 627 1554 accurate
650 1489 851 1555 delineandis
877 1490 1048 1556 hominum
1063 1492 1220 1576 moribus,
1238 1492 1310 1578 qui-

238 1599 298 1665 bus
329 1600 363 1664 in
393 1602 560 1687 tragoedia
589 1625 661 1668 non¹
684 1609 796 1668 tantus
820 1611 870 1669 est
893 1605 982 1669 locus
1004 1609 1145 1690 quantus
1170 1604 1204 1668 in
1228 1626 1312 1670 nova

239 1713 405 1779 comoedia
418 1725 443 1792 3;
476 1715 508 1779 id
542 1716 629 1801 quod
657 1717 709 1781 hic
733 1723 842 1782 tamen
865 1717 1014 1802 pluribus
1039 1739 1104 1781 non
1127 1739 1310 1804 persequar,

238 1849 312 1893 cum
344 1828 385 1892 ab
407 1837 602 1924 argumento
624 1830 909 1896 commentationis
935 1831 980 1896 sit
1002 1830 1167 1895 remotius.
1216 1829 1312 1894 Nunc

238 1961 313 2005 vero
347 1940 519 2028 Euripides
551 1965 668 2009 novam
684 1945 869 2034 vmateriem
898 1930 1005 2030 coegit
1026 1943 1061 2007 in
1084 1943 1204 2008 formas
1224 1943 1311 2008 anti·
1366 1999 1369 2004 ,

240 2076 336 2138 quas,
358 2056 493 2122 servatis
517 2057 616 2123 etiam
638 2058 782 2144 antiquis
805 2059 1034 2136 nominibus⁴3
1060 2057 1107 2122 sic
1126 2062 1312 2122 nataesunt

241 2167 316 2232 illae
337 2169 643 2254 tragicocomoediae
665 2172 717 2237 vel
734 2171 1040 2258 hilarotragoediae,
1055 2172 1095 2236 de
1111 2171 1311 2258 quibusqui-

239 2279 313 2344 dem
345 2280 535 2368 Lessingius
566 2285 760 2370 “hybridas,
784 2285 909 2371 inquit,
934 2285 963 2351 si
987 2285 1078 2351 lubet
1104 2306 1157 2350 eas
1181 2288 1309 2350 vocate:

240 2413 347 2457 nonne
380 2395 488 2460 mulus
522 2395 708 2462 utilissimis
738 2397 898 2482 jumentis
938 2399 1156 2464 accensendus
1194 2398 1311 2463 est?'’⁵

272 2569 280 2600 ¹
303 2569 433 2640 ¹Quinctil.
450 2570 477 2620 X
495 2589 501 2618 :
521 2573 546 2620 l:
580 2572 659 2620 Hunc
677 2569 845 2634 [Euripidem]
864 2576 889 2620 et
905 2571 1052 2621 adoriretur
1067 2587 1141 2635 saepe
1158 2577 1195 2621 est
1212 2571 1315 2636 (alama

235 2661 356 2723 testatur)
374 2665 398 2709 et
414 2666 523 2720 secutus,
539 2654 740 2724 quamquum'c'a
755 2675 829 2725 opere
846 2661 952 2719 diverso,
970 2661 1122 2710 Menander.
1148 2727 1149 2730 Ἴ

271 2738 400 2800 Philemon
417 2758 499 2802 autem
516 2751 648 2814 aliquando
665 2751 772 2814 scripsit,
788 2751 809 2800 si
827 2751 872 2800 sibi
881 2740 1005 2800 constaret
1013 2751 1117 2800 mortuis
1125 2765 1178 2800 esse
1187 2751 1313 2814 αἴσθησιν,

241 2843 326 2892 statim
343 2858 370 2893 se
387 2843 478 2892 collum
495 2842 762 2906 laqueoinserturum,
779 2849 806 2890 ut
822 2840 972 2904 Euripidem
988 2841 1095 2890 videret:

365 2932 521 2998 ἀπηγξάμην
539 2933 580 2994 ἄν,
598 2932 655 2982 ὥστ’
673 2932 734 2982 ἰδεῖν
751 2931 896 2997 Εὐριπίδην.
930 2931 1066 2993 (Videatur
1081 2931 1177 2996 primus
1195 2938 1220 2982 et
1228 2945 1312 2982 secun·

239 3024 284 3072 dus
300 3022 429 3086 Euripidis
446 3022 596 3085 biographus
612 3023 639 3070 in
655 3021 726 3086 sinc.)

270 3110 389 3175 Diphilus
405 3110 567 3174 κατάχρυσον
584 3112 687 3160 vocabat
703 3111 855 3176 Euripidem.
890 3111 992 3169 (Athen.
1010 3111 1037 3160 X
1053 3125 1110 3174 pag.
1127 3109 1215 3174 asub.)

272 3201 358 3250 Minus
382 3206 450 3249 recte
474 3215 514 3249 me
535 3201 618 3264 judice
643 3203 784 3251 Mommsen
804 3201 888 3263 (num.
907 3199 1018 3252 Gesch.⁶
1035 3201 1056 3258 1,
1074 3215 1131 3263 pag.
1148 3200 1220 3262 soal:
1255 3201 1313 3248 “das

237 3290 407 3339 “neusttische
434 3289 559 3353 Lustspiel
586 3291 639 3340 that
656 3291 736 3340 nichts
758 3291 796 3340 als
817 3292 864 3340 den
880 3291 1012 3354 Euripides
1028 3290 1067 3338 ins
1083 3289 1219 3338 Komische
1235 3289 1312 3338 iiber-

237 3380 368 3445 “tragen.''
402 3380 497 3431 Verius
522 3381 616 3429 dixeris
641 3382 788 3445 Euripidem
813 3397 841 3431 ea
866 3396 929 3444 quae
950 3395 1029 3429 novae
1055 3381 1196 3429 comoediae
1213 3379 1312 3444 propria

239 3478 298 3519 sunt
313 3485 400 3534 parum
417 3478 475 3533 apte
492 3469 518 3516 in
534 3469 655 3533 tragicam
672 3484 770 3520 scenam
787 3469 953 3527 transtulisse;
970 3469 1023 3526 vel,
1040 3469 1060 3516 si
1072 3469 1312 3532 oxymorolihetuti,

237 3575 287 3610 non
309 3560 474 3609 Menandrum
493 3573 556 3622 quac
574 3560 707 3621 scripserat
724 3558 867 3621 Euripides,
884 3559 928 3608 sed
944 3573 1005 3621 quae
1022 3559 1159 3607 Menander
1176 3558 1312 3620 scripturus

238 3660 291 3700 erat
307 3650 455 3713 Euripidem
472 3663 526 3697 esse
544 3649 675 3697 imitatum.

269 3739 280 3771 ²
312 3739 413 3801 Quinct.
430 3738 501 3787 ibin:
518 3740 548 3788 ic
564 3737 700 3800 affectibus
716 3751 774 3785 uero
790 3751 848 3785 cum
864 3736 978 3786 omnihus
996 3739 1084 3796 mirus,
1101 3742 1157 3786 tum
1173 3739 1203 3787 ia
1220 3738 1254 3786 iis
1266 3740 1313 3800 qm·

237 3831 401 3878 miseratione
417 3832 536 3877 constaret
544 3827 631 3889 facilc
642 3827 808 3890 praecipuus.

270 3918 280 3950 ³
313 3919 421 3975 Aristot.
439 3925 506 3981 poet
533 3918 561 3966 6:
579 3918 612 3966 τὰ
630 3916 766 3980 πράγματα
783 3916 824 3963 καὶ
841 3913 854 3962 ὁ
871 3913 951 3978 μῦθος
968 3914 1040 3971 τέλος
1053 3917 1098 3974 τῆς
1107 3913 1309 3979 mci-sordium...

238 4010 297 4059 ἄνευ
313 4011 360 4073 μὲν
378 4008 490 4074 πράξεως
507 4008 552 4056 οὐκ
569 4007 603 4055 dv
620 4005 718 4071 γένοιτο
736 4003 876 4069 τραγῳδία,
895 4004 955 4052 ἄνευ
972 4003 997 4052 δὲ
1014 4002 1085 4063 ἠθῶν
1101 4003 1191 4068 γένοιτ’
1208 4005 1249 4054 ἄν.

270 4101 280 4130 ⁴
313 4101 342 4148 Id
368 4098 497 4162 eleganter
513 4097 684 4148 Bernhardius
701 4110 759 4158 pag.
777 4096 839 4152 469,
857 4096 887 4143 de
903 4094 1036 4143 Aulidensi
1054 4094 1186 4157 iphigenia
1202 4095 1312 4158 loquens,

240 4199 312 4239 vocat
336 4189 392 4238 “ein
426 4188 595 4252 hiirgerliches
621 4185 822 4250 Intriguenstiick
848 4184 894 4233 mil
921 4185 1154 4249 Empfindsamlreit,
1185 4184 1245 4234 aher
1270 4185 1316 4232 auf

239 4281 356 4328 '‘Kosten
374 4278 443 4328 eines
459 4279 614 4342 glinzendcn
631 4259 733 4341 Mythos
749 4276 799 4324 und
815 4276 858 4324 der
874 4274 1019 4325 sdrstlichen
1036 4275 1112 4333 Ehre,
1126 4263 1277 4323 rementisch
1289 4275 1313 4322 iu

239 4369 336 4420 “Scene
353 4369 459 4420 semen.n

275 4458 285 4490 ⁵
324 4459 414 4508 Hamh.
441 4461 554 4509 Dramat.
580 4458 616 4506 n⁰.
640 4458 673 4507 48
698 4457 722 4506 in
741 4457 801 4506 fine:
834 4456 913 4508 “Wss
929 4453 989 4519 geht
1005 4452 1072 4502 mich
1089 4468 1115 4502 es
1132 4467 1163 4502 an
1180 4453 1211 4502 ob
1228 4463 1255 4502 so
1272 4453 1313 4502 eiu

1133 4545 1176 4607 3*
