<?xml version="1.0" encoding="UTF-8"?>
<!DOCTYPE html PUBLIC "-//W3C//DTD XHTML 1.0 Transitional//EN"
    "http://www.w3.org/TR/xhtml1/DTD/xhtml1-transitional.dtd">
<html xmlns="http://www.w3.org/1999/xhtml" xml:lang="en" lang="en">
 <head>
  <title>
</title>
<meta http-equiv="Content-Type" content="text/html;charset=utf-8" />
  <meta name='ocr-system' content='tesseract 3.04.00' />
  <meta name='ocr-capabilities' content='ocr_page ocr_carea ocr_par ocr_line ocrx_word'/>
</head>
<body>
  <div class='ocr_page' id='page_1' title='image "./specimenliterar01leeugoog_0041.png"; bbox 0 0 3216 5154; ppageno 0'>
   <div class='ocr_carea' id='block_1_1' title="bbox 791 410 832 474">
    <p class='ocr_par' dir='ltr' id='par_1_1' title="bbox 791 410 832 474">
     <span class='ocr_line' id='line_1_1' title="bbox 791 410 832 474; baseline -0.049 0"><span class='ocrx_word' id='word_1_1' title='bbox 791 410 832 474; x_wconf 83' lang='lat'><strong>28</strong></span> 
     </span>
    </p>
   </div>
   <div class='ocr_carea' id='block_1_2' title="bbox 272 597 1343 896">
    <p class='ocr_par' dir='ltr' id='par_1_2' title="bbox 272 597 1343 896">
     <span class='ocr_line' id='line_1_2' title="bbox 319 597 1343 684; baseline -0.002 -20"><span class='ocrx_word' id='word_1_2' title='bbox 319 600 358 664; x_wconf 89' lang='lat' dir='ltr'><strong>Iu</strong></span> <span class='ocrx_word' id='word_1_3' title='bbox 390 597 563 684; x_wconf 84' lang='lat' dir='ltr'>Iphigenia</span> <span class='ocrx_word' id='word_1_4' title='bbox 595 597 730 662; x_wconf 81' lang='lat' dir='ltr'><strong>Taurica</strong></span> <span class='ocrx_word' id='word_1_5' title='bbox 746 606 768 679; x_wconf 83' lang='lat'><strong>¹,</strong></span> <span class='ocrx_word' id='word_1_6' title='bbox 805 597 942 662; x_wconf 78' lang='lat' dir='ltr'><strong>Bacchis</strong></span> <span class='ocrx_word' id='word_1_7' title='bbox 960 604 984 680; x_wconf 74' lang='lat'><strong>³,</strong></span> <span class='ocrx_word' id='word_1_8' title='bbox 1019 597 1147 662; x_wconf 84' lang='lat' dir='ltr'><strong>Helena</strong></span> <span class='ocrx_word' id='word_1_9' title='bbox 1160 605 1184 681; x_wconf 87' lang='lat'><strong>³,</strong></span> <span class='ocrx_word' id='word_1_10' title='bbox 1219 597 1343 664; x_wconf 80' lang='lat' dir='ltr'>similes</span> 
     </span>
     <span class='ocr_line' id='line_1_3' title="bbox 272 710 1343 797; baseline -0.004 -19"><span class='ocrx_word' id='word_1_11' title='bbox 272 714 334 778; x_wconf 92' lang='lat' dir='ltr'><strong>ioci</strong></span> <span class='ocrx_word' id='word_1_12' title='bbox 355 717 543 793; x_wconf 86' lang='lat' dir='ltr'><strong>occurrunt,</strong></span> <span class='ocrx_word' id='word_1_13' title='bbox 568 710 623 776; x_wconf 90' lang='lat' dir='ltr'><strong>ubi</strong></span> <span class='ocrx_word' id='word_1_14' title='bbox 649 717 744 796; x_wconf 86' lang='lat' dir='ltr'><strong>poeta</strong></span> <span class='ocrx_word' id='word_1_15' title='bbox 776 717 819 777; x_wconf 29' lang='lat' dir='ltr'><strong>s&#39;ei</strong></span> <span class='ocrx_word' id='word_1_16' title='bbox 834 713 903 797; x_wconf 84' lang='lat' dir='ltr'><strong>ipre</strong></span> <span class='ocrx_word' id='word_1_17' title='bbox 925 711 1132 797; x_wconf 81' lang='lat' dir='ltr'><strong>reprehendit</strong></span> <span class='ocrx_word' id='word_1_18' title='bbox 1153 712 1343 797; x_wconf 87' lang='lat' dir='ltr'><strong>quodfabu-</strong></span> 
     </span>
     <span class='ocr_line' id='line_1_4' title="bbox 272 823 1099 896; baseline 0.001 -6"><span class='ocrx_word' id='word_1_19' title='bbox 272 825 349 890; x_wconf 85' lang='lat' dir='ltr'><strong>iosis</strong></span> <span class='ocrx_word' id='word_1_20' title='bbox 374 823 610 890; x_wconf 81' lang='lat' dir='ltr'><strong>narrationibus</strong></span> <span class='ocrx_word' id='word_1_21' title='bbox 632 825 671 890; x_wconf 90' lang='lat' dir='ltr'><strong>de</strong></span> <span class='ocrx_word' id='word_1_22' title='bbox 695 824 757 889; x_wconf 90' lang='lat' dir='ltr'><strong>diis</strong></span> <span class='ocrx_word' id='word_1_23' title='bbox 780 825 906 891; x_wconf 86' lang='lat' dir='ltr'><strong>credere</strong></span> <span class='ocrx_word' id='word_1_24' title='bbox 929 824 1019 896; x_wconf 85' lang='lat' dir='ltr'><strong>visus</strong></span> <span class='ocrx_word' id='word_1_25' title='bbox 1046 826 1099 891; x_wconf 87' lang='lat' dir='ltr'><strong>sit.</strong></span> 
     </span>
    </p>
   </div>
   <div class='ocr_carea' id='block_1_3' title="bbox 235 1072 1351 4190">
    <p class='ocr_par' dir='ltr' id='par_1_3' title="bbox 305 1072 1345 2213">
     <span class='ocr_line' id='line_1_5' title="bbox 305 1072 1345 1140; baseline 0 -18"><span class='ocrx_word' id='word_1_26' title='bbox 305 1072 311 1108; x_wconf 90' lang='lat'><strong>¹</strong></span> <span class='ocrx_word' id='word_1_27' title='bbox 346 1073 402 1136; x_wconf 88' lang='lat' dir='ltr'><strong>Iph.</strong></span> <span class='ocrx_word' id='word_1_28' title='bbox 419 1075 495 1125; x_wconf 87' lang='lat' dir='ltr'><strong>Taur.</strong></span> <span class='ocrx_word' id='word_1_29' title='bbox 512 1089 548 1122; x_wconf 86' lang='lat' dir='ltr'><strong>vs.</strong></span> <span class='ocrx_word' id='word_1_30' title='bbox 565 1074 615 1124; x_wconf 81' lang='lat'><strong>380</strong></span> <span class='ocrx_word' id='word_1_31' title='bbox 631 1089 683 1138; x_wconf 86' lang='lat' dir='ltr'><strong>sqq.</strong></span> <span class='ocrx_word' id='word_1_32' title='bbox 701 1073 803 1122; x_wconf 74' lang='lat' dir='ltr'><strong>heroine</strong></span> <span class='ocrx_word' id='word_1_33' title='bbox 820 1074 850 1123; x_wconf 89' lang='lat' dir='ltr'><strong>de</strong></span> <span class='ocrx_word' id='word_1_34' title='bbox 872 1073 966 1131; x_wconf 84' lang='lat' dir='ltr'><strong>crudeli</strong></span> <span class='ocrx_word' id='word_1_35' title='bbox 983 1075 1157 1139; x_wconf 82' lang='lat' dir='ltr'><strong>superstitione</strong></span> <span class='ocrx_word' id='word_1_36' title='bbox 1175 1075 1210 1124; x_wconf 91' lang='lat' dir='ltr'><strong>sic</strong></span> <span class='ocrx_word' id='word_1_37' title='bbox 1222 1075 1345 1140; x_wconf 85' lang='lat' dir='ltr'><strong>loquitur:</strong></span> 
     </span>
     <span class='ocr_line' id='line_1_6' title="bbox 528 1160 1055 1232; baseline 0.002 -20"><span class='ocrx_word' id='word_1_38' title='bbox 528 1167 560 1212; x_wconf 84' lang='grc' dir='ltr'><strong>τὰ</strong></span> <span class='ocrx_word' id='word_1_39' title='bbox 577 1167 623 1224; x_wconf 79' lang='grc' dir='ltr'><strong>τῆς</strong></span> <span class='ocrx_word' id='word_1_40' title='bbox 640 1165 697 1213; x_wconf 82' lang='grc' dir='ltr'>θεοῦ</span> <span class='ocrx_word' id='word_1_41' title='bbox 714 1162 740 1211; x_wconf 78' lang='grc' dir='ltr'><strong>δὲ</strong></span> <span class='ocrx_word' id='word_1_42' title='bbox 756 1160 883 1228; x_wconf 78' lang='grc' dir='ltr'>μέμφομαι</span> <span class='ocrx_word' id='word_1_43' title='bbox 899 1163 1055 1232; x_wconf 78' lang='grc' dir='ltr'><strong><em>σοφίσματα,</em></strong></span> 
     </span>
     <span class='ocr_line' id='line_1_7' title="bbox 528 1251 1101 1318; baseline 0.002 -17"><span class='ocrx_word' id='word_1_44' title='bbox 528 1255 597 1315; x_wconf 82' lang='grc' dir='ltr'>ἥτις,</span> <span class='ocrx_word' id='word_1_45' title='bbox 614 1253 716 1318; x_wconf 81' lang='grc' dir='ltr'>βροτῶν</span> <span class='ocrx_word' id='word_1_46' title='bbox 733 1255 779 1316; x_wconf 79' lang='grc' dir='ltr'><strong>μὲν</strong></span> <span class='ocrx_word' id='word_1_47' title='bbox 795 1255 828 1314; x_wconf 85' lang='grc' dir='ltr'><strong>ἦν</strong></span> <span class='ocrx_word' id='word_1_48' title='bbox 845 1271 883 1310; x_wconf 79' lang='grc' dir='ltr'><strong>τις</strong></span> <span class='ocrx_word' id='word_1_49' title='bbox 900 1251 996 1316; x_wconf 77' lang='grc' dir='ltr'>ίίψῃται</span> <span class='ocrx_word' id='word_1_50' title='bbox 1012 1253 1101 1316; x_wconf 77' lang='grc' dir='ltr'>φόνου,</span> 
     </span>
     <span class='ocr_line' id='line_1_8' title="bbox 531 1341 1049 1411; baseline 0 -19"><span class='ocrx_word' id='word_1_51' title='bbox 531 1345 546 1404; x_wconf 81' lang='grc' dir='ltr'><em>ἡ</em></span> <span class='ocrx_word' id='word_1_52' title='bbox 564 1345 605 1393; x_wconf 82' lang='grc' dir='ltr'>καί</span> <span class='ocrx_word' id='word_1_53' title='bbox 621 1344 725 1408; x_wconf 75' lang='grc' dir='ltr'>λοχείας</span> <span class='ocrx_word' id='word_1_54' title='bbox 742 1343 757 1402; x_wconf 84' lang='grc' dir='ltr'>ἢ</span> <span class='ocrx_word' id='word_1_55' title='bbox 775 1345 863 1407; x_wconf 80' lang='grc' dir='ltr'>νεκροῦ</span> <span class='ocrx_word' id='word_1_56' title='bbox 881 1341 938 1411; x_wconf 79' lang='grc' dir='ltr'>θίγρ</span> <span class='ocrx_word' id='word_1_57' title='bbox 955 1347 1049 1407; x_wconf 82' lang='grc' dir='ltr'>χεροῖν,</span> 
     </span>
     <span class='ocr_line' id='line_1_9' title="bbox 529 1431 1101 1498; baseline 0 -17"><span class='ocrx_word' id='word_1_58' title='bbox 529 1432 624 1498; x_wconf 80' lang='grc' dir='ltr'>βωμῶν</span> <span class='ocrx_word' id='word_1_59' title='bbox 640 1433 764 1498; x_wconf 80' lang='grc' dir='ltr'>ἀπείργει,</span> <span class='ocrx_word' id='word_1_60' title='bbox 781 1433 896 1497; x_wconf 84' lang='grc' dir='ltr'>μυσαρὸν</span> <span class='ocrx_word' id='word_1_61' title='bbox 913 1433 946 1488; x_wconf 81' lang='grc' dir='ltr'><strong>ὡς</strong></span> <span class='ocrx_word' id='word_1_62' title='bbox 963 1431 1101 1497; x_wconf 75' lang='grc' dir='ltr'>ἡγουμένη,</span> 
     </span>
     <span class='ocr_line' id='line_1_10' title="bbox 530 1504 1129 1585; baseline -0.003 -14"><span class='ocrx_word' id='word_1_63' title='bbox 530 1523 596 1582; x_wconf 81' lang='grc' dir='ltr'>αὐτὴ</span> <span class='ocrx_word' id='word_1_64' title='bbox 614 1522 639 1571; x_wconf 83' lang='grc' dir='ltr'><strong>δὲ</strong></span> <span class='ocrx_word' id='word_1_65' title='bbox 655 1521 754 1579; x_wconf 72' lang='grc' dir='ltr'>θυσίαις</span> <span class='ocrx_word' id='word_1_66' title='bbox 770 1521 855 1581; x_wconf 80' lang='grc' dir='ltr'>ἥδεται</span> <span class='ocrx_word' id='word_1_67' title='bbox 869 1519 1060 1585; x_wconf 72' lang='grc' dir='ltr'>βροτοκτόνοις.</span> <span class='ocrx_word' id='word_1_68' title='bbox 1127 1504 1129 1506; x_wconf 27' lang='lat'>¹</span> 
     </span>
     <span class='ocr_line' id='line_1_11' title="bbox 530 1608 1086 1674; baseline -0.004 -14"><span class='ocrx_word' id='word_1_69' title='bbox 530 1611 574 1660; x_wconf 76' lang='lat' dir='ltr'><strong>obs</strong></span> <span class='ocrx_word' id='word_1_70' title='bbox 591 1609 641 1660; x_wconf 79' lang='grc' dir='ltr'>ἔσθ’</span> <span class='ocrx_word' id='word_1_71' title='bbox 658 1609 730 1669; x_wconf 79' lang='grc' dir='ltr'><strong>ὅπως</strong></span> <span class='ocrx_word' id='word_1_72' title='bbox 745 1610 827 1660; x_wconf 81' lang='grc' dir='ltr'>ἔτεκεν</span> <span class='ocrx_word' id='word_1_73' title='bbox 844 1609 877 1658; x_wconf 84' lang='grc' dir='ltr'><strong>ἂν</strong></span> <span class='ocrx_word' id='word_1_74' title='bbox 894 1608 910 1669; x_wconf 88' lang='grc' dir='ltr'><em>ἠ</em></span> <span class='ocrx_word' id='word_1_75' title='bbox 928 1611 987 1667; x_wconf 81' lang='grc' dir='ltr'>Διὸς</span> <span class='ocrx_word' id='word_1_76' title='bbox 1004 1608 1086 1674; x_wconf 76' lang='grc' dir='ltr'>δάμαρ</span> 
     </span>
     <span class='ocr_line' id='line_1_12' title="bbox 530 1698 1078 1765; baseline -0.004 -16"><span class='ocrx_word' id='word_1_77' title='bbox 530 1700 601 1759; x_wconf 77' lang='grc' dir='ltr'>Δητὼ</span> <span class='ocrx_word' id='word_1_78' title='bbox 618 1700 746 1761; x_wconf 79' lang='grc' dir='ltr'>τοσαύτην</span> <span class='ocrx_word' id='word_1_79' title='bbox 763 1699 885 1763; x_wconf 83' lang='grc' dir='ltr'>ἀμαθίαν.</span> <span class='ocrx_word' id='word_1_80' title='bbox 903 1698 951 1765; x_wconf 77' lang='grc' dir='ltr'><strong>ἐγὼ</strong></span> <span class='ocrx_word' id='word_1_81' title='bbox 968 1700 1014 1764; x_wconf 85' lang='grc' dir='ltr'><strong>μὲν</strong></span> <span class='ocrx_word' id='word_1_82' title='bbox 1031 1699 1078 1758; x_wconf 78' lang='grc' dir='ltr'><strong>οὖν</strong></span> 
     </span>
     <span class='ocr_line' id='line_1_13' title="bbox 530 1789 981 1854; baseline 0.002 -17"><span class='ocrx_word' id='word_1_83' title='bbox 530 1791 562 1838; x_wconf 85' lang='grc' dir='ltr'><strong>τὰ</strong></span> <span class='ocrx_word' id='word_1_84' title='bbox 579 1790 712 1839; x_wconf 81' lang='grc' dir='ltr'>Ταντάλου</span> <span class='ocrx_word' id='word_1_85' title='bbox 729 1789 823 1846; x_wconf 82' lang='grc' dir='ltr'>θεοῖσιν</span> <span class='ocrx_word' id='word_1_86' title='bbox 841 1789 981 1854; x_wconf 74' lang='grc' dir='ltr'>ἑστιάματα</span> 
     </span>
     <span class='ocr_line' id='line_1_14' title="bbox 530 1877 1052 1944; baseline -0.006 -14"><span class='ocrx_word' id='word_1_87' title='bbox 530 1880 627 1930; x_wconf 81' lang='grc' dir='ltr'>ἄπιστα</span> <span class='ocrx_word' id='word_1_88' title='bbox 643 1881 729 1944; x_wconf 76' lang='grc' dir='ltr'>κρίνω,</span> <span class='ocrx_word' id='word_1_89' title='bbox 747 1879 837 1938; x_wconf 77' lang='grc' dir='ltr'>παιδὸς</span> <span class='ocrx_word' id='word_1_90' title='bbox 852 1880 960 1940; x_wconf 84' lang='grc' dir='ltr'>ἡσθῆναι</span> <span class='ocrx_word' id='word_1_91' title='bbox 974 1877 1052 1944; x_wconf 78' lang='grc' dir='ltr'>βορᾷ·</span> 
     </span>
     <span class='ocr_line' id='line_1_15' title="bbox 529 1967 1200 2032; baseline 0 -15"><span class='ocrx_word' id='word_1_92' title='bbox 529 1970 588 2025; x_wconf 75' lang='grc' dir='ltr'><strong>τούς</strong></span> <span class='ocrx_word' id='word_1_93' title='bbox 607 1967 627 2016; x_wconf 80' lang='grc' dir='ltr'><strong>δ’</strong></span> <span class='ocrx_word' id='word_1_94' title='bbox 644 1967 736 2029; x_wconf 79' lang='grc' dir='ltr'>ἐνθάδ’,</span> <span class='ocrx_word' id='word_1_95' title='bbox 754 1969 849 2026; x_wconf 74' lang='grc' dir='ltr'>αὐτοὺς</span> <span class='ocrx_word' id='word_1_96' title='bbox 867 1969 944 2025; x_wconf 82' lang='grc' dir='ltr'>ὄντας</span> <span class='ocrx_word' id='word_1_97' title='bbox 962 1967 1200 2032; x_wconf 78' lang='grc' dir='ltr'>ἀνθρωποκτόνους,</span> 
     </span>
     <span class='ocr_line' id='line_1_16' title="bbox 530 2057 1100 2123; baseline 0.002 -19"><span class='ocrx_word' id='word_1_98' title='bbox 530 2058 555 2115; x_wconf 77' lang='grc' dir='ltr'><strong>ἐς</strong></span> <span class='ocrx_word' id='word_1_99' title='bbox 573 2058 620 2116; x_wconf 82' lang='grc' dir='ltr'><strong>τήν</strong></span> <span class='ocrx_word' id='word_1_100' title='bbox 638 2058 696 2106; x_wconf 90' lang='grc' dir='ltr'>θεὸν</span> <span class='ocrx_word' id='word_1_101' title='bbox 714 2059 743 2106; x_wconf 89' lang='grc' dir='ltr'><strong>τὸ</strong></span> <span class='ocrx_word' id='word_1_102' title='bbox 760 2059 860 2122; x_wconf 80' lang='grc' dir='ltr'>φαῦλον</span> <span class='ocrx_word' id='word_1_103' title='bbox 877 2057 1011 2123; x_wconf 76' lang='grc' dir='ltr'>ἀναφέρειν</span> <span class='ocrx_word' id='word_1_104' title='bbox 1027 2057 1100 2114; x_wconf 72' lang='lat' dir='ltr'><strong>ripaei·</strong></span> 
     </span>
     <span class='ocr_line' id='line_1_17' title="bbox 528 2144 1096 2213; baseline -0.002 -19"><span class='ocrx_word' id='word_1_105' title='bbox 528 2144 618 2195; x_wconf 70' lang='grc' dir='ltr'>οὐδένα</span> <span class='ocrx_word' id='word_1_106' title='bbox 636 2147 683 2211; x_wconf 82' lang='grc' dir='ltr'><strong>γάρ</strong></span> <span class='ocrx_word' id='word_1_107' title='bbox 700 2149 769 2210; x_wconf 78' lang='grc' dir='ltr'>οἶμαι</span> <span class='ocrx_word' id='word_1_108' title='bbox 786 2146 914 2213; x_wconf 80' lang='grc' dir='ltr'>δαιμόνων</span> <span class='ocrx_word' id='word_1_109' title='bbox 930 2150 993 2197; x_wconf 76' lang='grc' dir='ltr'>εἶναι</span> <span class='ocrx_word' id='word_1_110' title='bbox 1010 2147 1096 2204; x_wconf 85' lang='grc' dir='ltr'>ιταιτόν.</span> 
     </span>
    </p>

    <p class='ocr_par' dir='ltr' id='par_1_4' title="bbox 271 2235 1345 2391">
     <span class='ocr_line' id='line_1_18' title="bbox 304 2235 1345 2300; baseline 0.001 -14"><span class='ocrx_word' id='word_1_111' title='bbox 304 2238 398 2292; x_wconf 83' lang='lat' dir='ltr'><strong>Parum</strong></span> <span class='ocrx_word' id='word_1_112' title='bbox 423 2242 562 2300; x_wconf 84' lang='lat' dir='ltr'><strong>opportune</strong></span> <span class='ocrx_word' id='word_1_113' title='bbox 578 2235 647 2292; x_wconf 82' lang='lat' dir='ltr'><strong>¹haec</strong></span> <span class='ocrx_word' id='word_1_114' title='bbox 671 2237 832 2300; x_wconf 81' lang='lat' dir='ltr'><strong>proferuntur</strong></span> <span class='ocrx_word' id='word_1_115' title='bbox 854 2238 983 2288; x_wconf 83' lang='lat' dir='ltr'><strong>aDianae</strong></span> <span class='ocrx_word' id='word_1_116' title='bbox 1005 2239 1145 2296; x_wconf 78' lang='lat' dir='ltr'><strong>sacerdote,</strong></span> <span class='ocrx_word' id='word_1_117' title='bbox 1170 2247 1196 2286; x_wconf 86' lang='lat' dir='ltr'><strong>et</strong></span> <span class='ocrx_word' id='word_1_118' title='bbox 1217 2238 1345 2300; x_wconf 84' lang='lat' dir='ltr'><strong>aptissima</strong></span> 
     </span>
     <span class='ocr_line' id='line_1_19' title="bbox 271 2325 1145 2391; baseline 0.002 -15"><span class='ocrx_word' id='word_1_119' title='bbox 271 2338 329 2376; x_wconf 89' lang='lat' dir='ltr'><strong>sunt</strong></span> <span class='ocrx_word' id='word_1_120' title='bbox 345 2329 376 2376; x_wconf 85' lang='lat' dir='ltr'><strong>ad</strong></span> <span class='ocrx_word' id='word_1_121' title='bbox 392 2326 589 2391; x_wconf 82' lang='lat' dir='ltr'><strong>refrigerandum</strong></span> <span class='ocrx_word' id='word_1_122' title='bbox 606 2327 717 2376; x_wconf 87' lang='lat' dir='ltr'><strong>animum</strong></span> <span class='ocrx_word' id='word_1_123' title='bbox 734 2335 907 2390; x_wconf 87' lang='lat' dir='ltr'><strong>spectatorum.</strong></span> <span class='ocrx_word' id='word_1_124' title='bbox 1143 2325 1145 2332; x_wconf 71' lang='grc'>’</span> 
     </span>
    </p>

    <p class='ocr_par' dir='ltr' id='par_1_5' title="bbox 271 2415 1346 2935">
     <span class='ocr_line' id='line_1_20' title="bbox 303 2415 1346 2480; baseline 0 -14"><span class='ocrx_word' id='word_1_125' title='bbox 303 2417 315 2450; x_wconf 76' lang='lat'><strong>³</strong></span> <span class='ocrx_word' id='word_1_126' title='bbox 347 2417 499 2466; x_wconf 83' lang='lat' dir='ltr'><strong>Baccharum</strong></span> <span class='ocrx_word' id='word_1_127' title='bbox 516 2417 599 2474; x_wconf 84' lang='lat' dir='ltr'><strong>fabula</strong></span> <span class='ocrx_word' id='word_1_128' title='bbox 616 2425 728 2466; x_wconf 85' lang='lat' dir='ltr'><strong>versatur</strong></span> <span class='ocrx_word' id='word_1_129' title='bbox 745 2419 771 2468; x_wconf 91' lang='lat' dir='ltr'><strong>in</strong></span> <span class='ocrx_word' id='word_1_130' title='bbox 788 2431 868 2480; x_wconf 88' lang='lat' dir='ltr'><strong>poena</strong></span> <span class='ocrx_word' id='word_1_131' title='bbox 884 2429 959 2480; x_wconf 88' lang='lat' dir='ltr'><strong>qnam</strong></span> <span class='ocrx_word' id='word_1_132' title='bbox 975 2416 1100 2478; x_wconf 85' lang='lat' dir='ltr'><strong>Bacchus,</strong></span> <span class='ocrx_word' id='word_1_133' title='bbox 1110 2415 1141 2469; x_wconf 88' lang='lat' dir='ltr'><strong>ob</strong></span> <span class='ocrx_word' id='word_1_134' title='bbox 1151 2425 1262 2480; x_wconf 87' lang='lat' dir='ltr'><strong>spretum</strong></span> <span class='ocrx_word' id='word_1_135' title='bbox 1273 2431 1346 2466; x_wconf 88' lang='lat' dir='ltr'><strong>sunm</strong></span> 
     </span>
     <span class='ocr_line' id='line_1_21' title="bbox 272 2505 1345 2570; baseline -0.002 -14"><span class='ocrx_word' id='word_1_136' title='bbox 272 2522 377 2567; x_wconf 86' lang='lat' dir='ltr'><strong>numen,</strong></span> <span class='ocrx_word' id='word_1_137' title='bbox 402 2507 433 2555; x_wconf 91' lang='lat' dir='ltr'><strong>de</strong></span> <span class='ocrx_word' id='word_1_138' title='bbox 459 2506 573 2556; x_wconf 90' lang='lat' dir='ltr'><strong>Pentheo</strong></span> <span class='ocrx_word' id='word_1_139' title='bbox 597 2508 684 2569; x_wconf 79' lang='lat' dir='ltr'><strong>sumit,</strong></span> <span class='ocrx_word' id='word_1_140' title='bbox 710 2507 849 2556; x_wconf 88' lang='lat' dir='ltr'><strong>simillimus</strong></span> <span class='ocrx_word' id='word_1_141' title='bbox 871 2505 983 2554; x_wconf 86' lang='lat' dir='ltr'><strong>malefico</strong></span> <span class='ocrx_word' id='word_1_142' title='bbox 999 2505 1196 2570; x_wconf 85' lang='lat' dir='ltr'><strong>praestigiatori,</strong></span> <span class='ocrx_word' id='word_1_143' title='bbox 1213 2513 1239 2554; x_wconf 88' lang='lat' dir='ltr'><strong>at</strong></span> <span class='ocrx_word' id='word_1_144' title='bbox 1255 2505 1345 2568; x_wconf 83' lang='lat' dir='ltr'><strong>diguus</strong></span> 
     </span>
     <span class='ocr_line' id='line_1_22' title="bbox 271 2593 1346 2660; baseline -0.003 -13"><span class='ocrx_word' id='word_1_145' title='bbox 271 2597 313 2660; x_wconf 90' lang='lat' dir='ltr'><strong>qui</strong></span> <span class='ocrx_word' id='word_1_146' title='bbox 338 2613 353 2645; x_wconf 95' lang='lat' dir='ltr'><strong>a</strong></span> <span class='ocrx_word' id='word_1_147' title='bbox 377 2597 552 2660; x_wconf 78' lang='lat' dir='ltr'><strong>spectatoribus</strong></span> <span class='ocrx_word' id='word_1_148' title='bbox 573 2611 623 2648; x_wconf 92' lang='lat' dir='ltr'><strong>uou</strong></span> <span class='ocrx_word' id='word_1_149' title='bbox 639 2597 722 2646; x_wconf 90' lang='lat' dir='ltr'><strong>minus</strong></span> <span class='ocrx_word' id='word_1_150' title='bbox 738 2603 909 2652; x_wconf 86' lang='lat' dir='ltr'><strong>contemnatur</strong></span> <span class='ocrx_word' id='word_1_151' title='bbox 926 2611 1000 2659; x_wconf 88' lang='lat' dir='ltr'><strong>qnam</strong></span> <span class='ocrx_word' id='word_1_152' title='bbox 1015 2595 1047 2644; x_wconf 92' lang='lat' dir='ltr'><strong>ab</strong></span> <span class='ocrx_word' id='word_1_153' title='bbox 1064 2595 1118 2658; x_wconf 89' lang='lat' dir='ltr'><strong>ipso</strong></span> <span class='ocrx_word' id='word_1_154' title='bbox 1135 2593 1257 2644; x_wconf 86' lang='lat' dir='ltr'><strong>Pentheo.</strong></span> <span class='ocrx_word' id='word_1_155' title='bbox 1291 2597 1346 2646; x_wconf 84' lang='lat' dir='ltr'><strong>Hac</strong></span> 
     </span>
     <span class='ocr_line' id='line_1_23' title="bbox 271 2684 1346 2750; baseline 0 -16"><span class='ocrx_word' id='word_1_156' title='bbox 271 2689 352 2750; x_wconf 84' lang='lat' dir='ltr'><strong>igitur</strong></span> <span class='ocrx_word' id='word_1_157' title='bbox 376 2688 401 2735; x_wconf 92' lang='lat' dir='ltr'><strong>in</strong></span> <span class='ocrx_word' id='word_1_158' title='bbox 426 2687 521 2745; x_wconf 89' lang='lat' dir='ltr'><strong>fabula,</strong></span> <span class='ocrx_word' id='word_1_159' title='bbox 545 2687 566 2736; x_wconf 89' lang='lat' dir='ltr'><strong>si</strong></span> <span class='ocrx_word' id='word_1_160' title='bbox 591 2687 616 2735; x_wconf 91' lang='lat' dir='ltr'><strong>iu</strong></span> <span class='ocrx_word' id='word_1_161' title='bbox 643 2686 691 2736; x_wconf 87' lang='lat' dir='ltr'><strong>alia</strong></span> <span class='ocrx_word' id='word_1_162' title='bbox 707 2687 770 2746; x_wconf 81' lang='lat' dir='ltr'><strong>ulla,</strong></span> <span class='ocrx_word' id='word_1_163' title='bbox 787 2686 924 2736; x_wconf 88' lang='lat' dir='ltr'><strong>celebratur</strong></span> <span class='ocrx_word' id='word_1_164' title='bbox 940 2700 1032 2750; x_wconf 86' lang='lat' dir='ltr'><strong>magna</strong></span> <span class='ocrx_word' id='word_1_165' title='bbox 1049 2693 1157 2749; x_wconf 82' lang='lat' dir='ltr'><strong>potestas</strong></span> <span class='ocrx_word' id='word_1_166' title='bbox 1173 2684 1304 2744; x_wconf 69' lang='lat' dir='ltr'><strong>coelitum</strong></span> <span class='ocrx_word' id='word_1_167' title='bbox 1320 2695 1346 2734; x_wconf 87' lang='lat' dir='ltr'><strong>at</strong></span> 
     </span>
     <span class='ocr_line' id='line_1_24' title="bbox 272 2774 1346 2840; baseline -0.001 -15"><span class='ocrx_word' id='word_1_168' title='bbox 272 2779 340 2840; x_wconf 78' lang='lat' dir='ltr'><strong>legas</strong></span> <span class='ocrx_word' id='word_1_169' title='bbox 367 2792 458 2839; x_wconf 88' lang='lat' dir='ltr'><strong>quaeso</strong></span> <span class='ocrx_word' id='word_1_170' title='bbox 485 2791 585 2826; x_wconf 89' lang='lat' dir='ltr'><strong>versum</strong></span> <span class='ocrx_word' id='word_1_171' title='bbox 612 2779 675 2836; x_wconf 81' lang='lat'><strong>893,</strong></span> <span class='ocrx_word' id='word_1_172' title='bbox 704 2791 785 2826; x_wconf 86' lang='lat' dir='ltr'><strong>annon</strong></span> <span class='ocrx_word' id='word_1_173' title='bbox 814 2776 987 2840; x_wconf 80' lang='lat' dir='ltr'><strong>philosophum</strong></span> <span class='ocrx_word' id='word_1_174' title='bbox 1013 2789 1096 2827; x_wconf 87' lang='lat' dir='ltr'><strong>secum</strong></span> <span class='ocrx_word' id='word_1_175' title='bbox 1123 2774 1295 2830; x_wconf 79' lang='lat' dir='ltr'><strong>mussitantem</strong></span> <span class='ocrx_word' id='word_1_176' title='bbox 1322 2787 1346 2824; x_wconf 86' lang='lat' dir='ltr'><strong>ta</strong></span> 
     </span>
     <span class='ocr_line' id='line_1_25' title="bbox 272 2865 903 2935; baseline 0 -20"><span class='ocrx_word' id='word_1_177' title='bbox 272 2866 359 2915; x_wconf 81' lang='lat' dir='ltr'><strong>audire</strong></span> <span class='ocrx_word' id='word_1_178' title='bbox 376 2874 460 2929; x_wconf 79' lang='lat' dir='ltr'><strong>putes:</strong></span> <span class='ocrx_word' id='word_1_179' title='bbox 492 2867 572 2932; x_wconf 80' lang='grc' dir='ltr'>κούρα</span> <span class='ocrx_word' id='word_1_180' title='bbox 590 2869 638 2932; x_wconf 78' lang='grc' dir='ltr'><strong>γὰρ</strong></span> <span class='ocrx_word' id='word_1_181' title='bbox 656 2865 774 2928; x_wconf 79' lang='grc' dir='ltr'>δαπάνα,</span> <span class='ocrx_word' id='word_1_182' title='bbox 793 2868 903 2935; x_wconf 76' lang='grc' dir='ltr'>νομίζειν</span> 
     </span>
    </p>

    <p class='ocr_par' dir='ltr' id='par_1_6' title="bbox 498 2955 896 3108">
     <span class='ocr_line' id='line_1_26' title="bbox 498 2955 737 3019; baseline 0.008 -17"><span class='ocrx_word' id='word_1_183' title='bbox 498 2956 575 3019; x_wconf 81' lang='grc' dir='ltr'>ἰσχὺν</span> <span class='ocrx_word' id='word_1_184' title='bbox 591 2955 642 3005; x_wconf 77' lang='grc' dir='ltr'>τόδ’</span> <span class='ocrx_word' id='word_1_185' title='bbox 658 2957 724 3019; x_wconf 77' lang='grc' dir='ltr'>ἔχειν</span> <span class='ocrx_word' id='word_1_186' title='bbox 730 2993 737 3019; x_wconf 84' lang='grc'><strong><em>,</em></strong></span> 
     </span>
     <span class='ocr_line' id='line_1_27' title="bbox 499 3042 896 3108; baseline -0.008 -14"><span class='ocrx_word' id='word_1_187' title='bbox 499 3045 512 3094; x_wconf 81' lang='lat' dir='ltr'><strong>t</strong></span> <span class='ocrx_word' id='word_1_188' title='bbox 532 3064 555 3095; x_wconf 90' lang='grc' dir='ltr'><strong>τι</strong></span> <span class='ocrx_word' id='word_1_189' title='bbox 573 3042 630 3093; x_wconf 82' lang='grc' dir='ltr'>ποτ’</span> <span class='ocrx_word' id='word_1_190' title='bbox 647 3045 696 3108; x_wconf 87' lang='grc' dir='ltr'>ἄρα.</span> <span class='ocrx_word' id='word_1_191' title='bbox 713 3046 741 3093; x_wconf 85' lang='grc' dir='ltr'><strong>τὸ</strong></span> <span class='ocrx_word' id='word_1_192' title='bbox 760 3043 896 3107; x_wconf 80' lang='grc' dir='ltr'>δαιμόνιον.</span> 
     </span>
    </p>

    <p class='ocr_par' dir='ltr' id='par_1_7' title="bbox 235 3133 1349 3637">
     <span class='ocr_line' id='line_1_28' title="bbox 306 3133 1347 3200; baseline -0.003 -13"><span class='ocrx_word' id='word_1_193' title='bbox 306 3136 463 3200; x_wconf 83' lang='lat' dir='ltr'><strong>Tyrwhittus</strong></span> <span class='ocrx_word' id='word_1_194' title='bbox 480 3134 587 3194; x_wconf 87' lang='lat' dir='ltr'><strong>censuit,</strong></span> <span class='ocrx_word' id='word_1_195' title='bbox 604 3133 749 3197; x_wconf 83' lang='lat' dir='ltr'><strong>Euripidem</strong></span> <span class='ocrx_word' id='word_1_196' title='bbox 767 3133 815 3186; x_wconf 90' lang='lat' dir='ltr'><strong>hoc</strong></span> <span class='ocrx_word' id='word_1_197' title='bbox 832 3133 918 3182; x_wconf 87' lang='lat' dir='ltr'><strong>drama</strong></span> <span class='ocrx_word' id='word_1_198' title='bbox 935 3133 1103 3197; x_wconf 87' lang='lat' dir='ltr'><strong>composuisse</strong></span> <span class='ocrx_word' id='word_1_199' title='bbox 1119 3147 1169 3196; x_wconf 91' lang='lat' dir='ltr'><strong>quo</strong></span> <span class='ocrx_word' id='word_1_200' title='bbox 1186 3141 1306 3199; x_wconf 82' lang='lat' dir='ltr'><strong>purgaret</strong></span> <span class='ocrx_word' id='word_1_201' title='bbox 1322 3150 1347 3184; x_wconf 89' lang='lat' dir='ltr'><strong>se</strong></span> 
     </span>
     <span class='ocr_line' id='line_1_29' title="bbox 235 3206 1347 3287; baseline -0.002 -12"><span class='ocrx_word' id='word_1_202' title='bbox 235 3206 239 3211; x_wconf 85' lang='lat'><em>.</em></span> <span class='ocrx_word' id='word_1_203' title='bbox 273 3227 377 3276; x_wconf 89' lang='lat' dir='ltr'><strong>crimine</strong></span> <span class='ocrx_word' id='word_1_204' title='bbox 398 3231 578 3273; x_wconf 81' lang='lat' dir='ltr'><strong>contemtnum</strong></span> <span class='ocrx_word' id='word_1_205' title='bbox 594 3223 725 3277; x_wconf 83' lang='lat' dir='ltr'><strong>numinum</strong></span> <span class='ocrx_word' id='word_1_206' title='bbox 741 3223 893 3286; x_wconf 83' lang='lat' dir='ltr'><strong>patriorum,</strong></span> <span class='ocrx_word' id='word_1_207' title='bbox 910 3222 953 3276; x_wconf 69' lang='lat' dir='ltr'><strong>aad</strong></span> <span class='ocrx_word' id='word_1_208' title='bbox 969 3236 1043 3271; x_wconf 76' lang='lat' dir='ltr'><strong>versu</strong></span> <span class='ocrx_word' id='word_1_209' title='bbox 1060 3222 1161 3272; x_wconf 86' lang='lat' dir='ltr'><strong>laudato</strong></span> <span class='ocrx_word' id='word_1_210' title='bbox 1177 3237 1203 3273; x_wconf 84' lang='lat' dir='ltr'><strong>se</strong></span> <span class='ocrx_word' id='word_1_211' title='bbox 1219 3225 1289 3287; x_wconf 88' lang='lat' dir='ltr'><strong>quasi</strong></span> <span class='ocrx_word' id='word_1_212' title='bbox 1305 3240 1347 3282; x_wconf 60' lang='lat' dir='ltr'><strong>er-</strong></span> 
     </span>
     <span class='ocr_line' id='line_1_30' title="bbox 274 3311 1348 3386; baseline 0 -21"><span class='ocrx_word' id='word_1_213' title='bbox 274 3331 361 3366; x_wconf 84' lang='lat' dir='ltr'><strong>cusare</strong></span> <span class='ocrx_word' id='word_1_214' title='bbox 391 3316 421 3367; x_wconf 87' lang='lat' dir='ltr'><strong>da</strong></span> <span class='ocrx_word' id='word_1_215' title='bbox 446 3312 530 3363; x_wconf 85' lang='lat' dir='ltr'><strong>fabula</strong></span> <span class='ocrx_word' id='word_1_216' title='bbox 554 3311 724 3375; x_wconf 87' lang='lat' dir='ltr'><strong>philosophiae</strong></span> <span class='ocrx_word' id='word_1_217' title='bbox 753 3326 811 3370; x_wconf 88' lang='lat' dir='ltr'><strong>suae</strong></span> <span class='ocrx_word' id='word_1_218' title='bbox 837 3312 910 3376; x_wconf 88' lang='lat' dir='ltr'><strong>plana</strong></span> <span class='ocrx_word' id='word_1_219' title='bbox 935 3319 1101 3386; x_wconf 81' lang='lat' dir='ltr'><strong>repugnante.</strong></span> <span class='ocrx_word' id='word_1_220' title='bbox 1136 3313 1188 3363; x_wconf 88' lang='lat' dir='ltr'><strong>Sed</strong></span> <span class='ocrx_word' id='word_1_221' title='bbox 1211 3330 1260 3372; x_wconf 89' lang='lat' dir='ltr'><strong>uon</strong></span> <span class='ocrx_word' id='word_1_222' title='bbox 1285 3331 1348 3381; x_wconf 86' lang='lat' dir='ltr'><strong>opus</strong></span> 
     </span>
     <span class='ocr_line' id='line_1_31' title="bbox 275 3401 1349 3466; baseline 0.003 -12"><span class='ocrx_word' id='word_1_223' title='bbox 275 3407 374 3456; x_wconf 89' lang='lat' dir='ltr'><strong>videtur</strong></span> <span class='ocrx_word' id='word_1_224' title='bbox 394 3405 426 3459; x_wconf 86' lang='lat' dir='ltr'><strong>ad</strong></span> <span class='ocrx_word' id='word_1_225' title='bbox 441 3403 516 3452; x_wconf 80' lang='lat' dir='ltr'><strong>taient</strong></span> <span class='ocrx_word' id='word_1_226' title='bbox 541 3401 710 3464; x_wconf 85' lang='lat' dir='ltr'><strong>conjecturam</strong></span> <span class='ocrx_word' id='word_1_227' title='bbox 734 3402 882 3466; x_wconf 81' lang='lat' dir='ltr'><strong>confugere,</strong></span> <span class='ocrx_word' id='word_1_228' title='bbox 906 3416 963 3451; x_wconf 87' lang='lat' dir='ltr'><strong>cum</strong></span> <span class='ocrx_word' id='word_1_229' title='bbox 979 3417 1029 3451; x_wconf 89' lang='lat' dir='ltr'><strong>non</strong></span> <span class='ocrx_word' id='word_1_230' title='bbox 1046 3403 1073 3451; x_wconf 94' lang='lat' dir='ltr'><strong>in</strong></span> <span class='ocrx_word' id='word_1_231' title='bbox 1089 3403 1193 3454; x_wconf 86' lang='lat' dir='ltr'><strong>Bacchis</strong></span> <span class='ocrx_word' id='word_1_232' title='bbox 1208 3405 1287 3455; x_wconf 88' lang='lat' dir='ltr'><strong>solum</strong></span> <span class='ocrx_word' id='word_1_233' title='bbox 1305 3409 1349 3458; x_wconf 86' lang='lat' dir='ltr'><strong>sed</strong></span> 
     </span>
     <span class='ocr_line' id='line_1_32' title="bbox 276 3491 1349 3560; baseline 0.003 -16"><span class='ocrx_word' id='word_1_234' title='bbox 276 3497 377 3560; x_wconf 82' lang='lat' dir='ltr'><strong>passim,</strong></span> <span class='ocrx_word' id='word_1_235' title='bbox 394 3504 422 3550; x_wconf 88' lang='lat' dir='ltr'><strong>ut</strong></span> <span class='ocrx_word' id='word_1_236' title='bbox 439 3494 556 3551; x_wconf 83' lang='lat' dir='ltr'><strong>vidimus,</strong></span> <span class='ocrx_word' id='word_1_237' title='bbox 578 3493 604 3540; x_wconf 92' lang='lat' dir='ltr'><strong>in</strong></span> <span class='ocrx_word' id='word_1_238' title='bbox 628 3491 717 3541; x_wconf 78' lang='lat' dir='ltr'><strong>tabulis</strong></span> <span class='ocrx_word' id='word_1_239' title='bbox 733 3493 872 3557; x_wconf 82' lang='lat' dir='ltr'><strong>Euripidais</strong></span> <span class='ocrx_word' id='word_1_240' title='bbox 888 3503 1006 3557; x_wconf 85' lang='lat' dir='ltr'><strong>appareat</strong></span> <span class='ocrx_word' id='word_1_241' title='bbox 1021 3509 1095 3556; x_wconf 87' lang='lat' dir='ltr'><strong>quarn</strong></span> <span class='ocrx_word' id='word_1_242' title='bbox 1113 3509 1200 3557; x_wconf 88' lang='lat' dir='ltr'><strong>parurn</strong></span> <span class='ocrx_word' id='word_1_243' title='bbox 1217 3505 1290 3560; x_wconf 83' lang='lat' dir='ltr'><strong>poeta</strong></span> <span class='ocrx_word' id='word_1_244' title='bbox 1305 3498 1349 3547; x_wconf 88' lang='lat' dir='ltr'><strong>sibi</strong></span> 
     </span>
     <span class='ocr_line' id='line_1_33' title="bbox 276 3587 420 3637; baseline -0.028 0"><span class='ocrx_word' id='word_1_245' title='bbox 276 3587 420 3637; x_wconf 85' lang='lat' dir='ltr'><strong>constiterit.</strong></span> 
     </span>
    </p>

    <p class='ocr_par' dir='ltr' id='par_1_8' title="bbox 276 3674 1351 4190">
     <span class='ocr_line' id='line_1_34' title="bbox 309 3674 1349 3738; baseline 0 -11"><span class='ocrx_word' id='word_1_246' title='bbox 309 3678 390 3728; x_wconf 86' lang='lat' dir='ltr'><strong>Multo</strong></span> <span class='ocrx_word' id='word_1_247' title='bbox 416 3677 499 3725; x_wconf 88' lang='lat' dir='ltr'><strong>mitius</strong></span> <span class='ocrx_word' id='word_1_248' title='bbox 524 3677 554 3724; x_wconf 85' lang='lat' dir='ltr'><strong>ds</strong></span> <span class='ocrx_word' id='word_1_249' title='bbox 579 3675 625 3724; x_wconf 87' lang='lat' dir='ltr'><strong>bac</strong></span> <span class='ocrx_word' id='word_1_250' title='bbox 649 3674 732 3724; x_wconf 83' lang='lat' dir='ltr'><strong>fabula</strong></span> <span class='ocrx_word' id='word_1_251' title='bbox 755 3674 850 3737; x_wconf 86' lang='lat' dir='ltr'><strong>judicat</strong></span> <span class='ocrx_word' id='word_1_252' title='bbox 874 3675 1057 3735; x_wconf 79' lang='lat' dir='ltr'><strong>Bernhardius,</strong></span> <span class='ocrx_word' id='word_1_253' title='bbox 1082 3690 1140 3738; x_wconf 83' lang='lat' dir='ltr'><strong>pag.</strong></span> <span class='ocrx_word' id='word_1_254' title='bbox 1166 3677 1227 3734; x_wconf 77' lang='lat'><strong>422:</strong></span> <span class='ocrx_word' id='word_1_255' title='bbox 1261 3677 1349 3727; x_wconf 83' lang='lat' dir='ltr'><strong>“Doch</strong></span> 
     </span>
     <span class='ocr_line' id='line_1_35' title="bbox 277 3765 1350 3832; baseline -0.001 -14"><span class='ocrx_word' id='word_1_256' title='bbox 277 3765 403 3832; x_wconf 83' lang='lat' dir='ltr'><strong>‘ampsahl</strong></span> <span class='ocrx_word' id='word_1_257' title='bbox 434 3781 462 3815; x_wconf 90' lang='lat' dir='ltr'><strong>er</strong></span> <span class='ocrx_word' id='word_1_258' title='bbox 494 3765 586 3814; x_wconf 82' lang='lat' dir='ltr'><strong>zuletzt</strong></span> <span class='ocrx_word' id='word_1_259' title='bbox 613 3765 777 3828; x_wconf 85' lang='lat' dir='ltr'><strong>Resignation</strong></span> <span class='ocrx_word' id='word_1_260' title='bbox 806 3768 855 3815; x_wconf 89' lang='lat' dir='ltr'><strong>und</strong></span> <span class='ocrx_word' id='word_1_261' title='bbox 882 3767 1038 3830; x_wconf 84' lang='lat' dir='ltr'><strong>Hingebung</strong></span> <span class='ocrx_word' id='word_1_262' title='bbox 1065 3781 1097 3814; x_wconf 89' lang='lat' dir='ltr'><strong>an</strong></span> <span class='ocrx_word' id='word_1_263' title='bbox 1126 3766 1188 3815; x_wconf 86' lang='lat' dir='ltr'><strong>Gott</strong></span> <span class='ocrx_word' id='word_1_264' title='bbox 1214 3765 1249 3815; x_wconf 84' lang='lat' dir='ltr'><strong>ais</strong></span> <span class='ocrx_word' id='word_1_265' title='bbox 1277 3783 1350 3817; x_wconf 88' lang='lat' dir='ltr'><strong>nuer-</strong></span> 
     </span>
     <span class='ocr_line' id='line_1_36' title="bbox 277 3855 1351 3918; baseline -0.002 -9"><span class='ocrx_word' id='word_1_266' title='bbox 277 3857 484 3910; x_wconf 81' lang='lat' dir='ltr'><strong>“scbiitterlichcn</strong></span> <span class='ocrx_word' id='word_1_267' title='bbox 509 3856 596 3905; x_wconf 87' lang='lat' dir='ltr'><strong>Grund</strong></span> <span class='ocrx_word' id='word_1_268' title='bbox 624 3857 667 3904; x_wconf 89' lang='lat' dir='ltr'><strong>der</strong></span> <span class='ocrx_word' id='word_1_269' title='bbox 693 3855 818 3904; x_wconf 89' lang='lat' dir='ltr'><strong>sittiichen</strong></span> <span class='ocrx_word' id='word_1_270' title='bbox 842 3855 939 3918; x_wconf 77' lang='lat' dir='ltr'><strong>Dirige,</strong></span> <span class='ocrx_word' id='word_1_271' title='bbox 960 3857 1078 3906; x_wconf 75' lang='lat' dir='ltr'><strong>withsand</strong></span> <span class='ocrx_word' id='word_1_272' title='bbox 1096 3871 1123 3905; x_wconf 90' lang='lat' dir='ltr'><strong>er</strong></span> <span class='ocrx_word' id='word_1_273' title='bbox 1140 3855 1180 3904; x_wconf 86' lang='lat' dir='ltr'><strong>die</strong></span> <span class='ocrx_word' id='word_1_274' title='bbox 1196 3857 1351 3907; x_wconf 79' lang='lat' dir='ltr'><strong>Freidenker</strong></span> 
     </span>
     <span class='ocr_line' id='line_1_37' title="bbox 276 3946 1350 4010; baseline -0.003 -11"><span class='ocrx_word' id='word_1_275' title='bbox 276 3952 341 4000; x_wconf 83' lang='lat' dir='ltr'><strong>“und</strong></span> <span class='ocrx_word' id='word_1_276' title='bbox 368 3951 415 3998; x_wconf 88' lang='lat' dir='ltr'><strong>den</strong></span> <span class='ocrx_word' id='word_1_277' title='bbox 439 3947 586 4010; x_wconf 83' lang='lat' dir='ltr'><strong>Ungiauben</strong></span> <span class='ocrx_word' id='word_1_278' title='bbox 610 3948 655 3995; x_wconf 86' lang='lat' dir='ltr'><strong>dar</strong></span> <span class='ocrx_word' id='word_1_279' title='bbox 680 3946 819 4010; x_wconf 82' lang='lat' dir='ltr'><strong>damaligen</strong></span> <span class='ocrx_word' id='word_1_280' title='bbox 837 3946 1017 3998; x_wconf 81' lang='lat' dir='ltr'><strong>Wissenschatt</strong></span> <span class='ocrx_word' id='word_1_281' title='bbox 1033 3947 1170 4010; x_wconf 76' lang='lat' dir='ltr'><strong>bek&#39;ampft.</strong></span> <span class='ocrx_word' id='word_1_282' title='bbox 1202 3948 1266 3997; x_wconf 84' lang='lat' dir='ltr'><strong>Eine</strong></span> <span class='ocrx_word' id='word_1_283' title='bbox 1288 3949 1350 3998; x_wconf 88' lang='lat' dir='ltr'><strong>reife</strong></span> 
     </span>
     <span class='ocr_line' id='line_1_38' title="bbox 276 4036 1351 4101; baseline -0.003 -11"><span class='ocrx_word' id='word_1_284' title='bbox 276 4043 397 4094; x_wconf 78' lang='lat' dir='ltr'><strong>“Summe</strong></span> <span class='ocrx_word' id='word_1_285' title='bbox 422 4039 502 4087; x_wconf 87' lang='lat' dir='ltr'><strong>dieser</strong></span> <span class='ocrx_word' id='word_1_286' title='bbox 520 4038 625 4086; x_wconf 87' lang='lat' dir='ltr'><strong>innoren</strong></span> <span class='ocrx_word' id='word_1_287' title='bbox 642 4036 819 4101; x_wconf 78' lang='lat' dir='ltr'><strong>nrtanrungen</strong></span> <span class='ocrx_word' id='word_1_288' title='bbox 835 4037 878 4086; x_wconf 88' lang='lat' dir='ltr'><strong>hat</strong></span> <span class='ocrx_word' id='word_1_289' title='bbox 895 4053 924 4086; x_wconf 88' lang='lat' dir='ltr'><strong>er</strong></span> <span class='ocrx_word' id='word_1_290' title='bbox 940 4054 980 4087; x_wconf 88' lang='lat' dir='ltr'><strong>arn</strong></span> <span class='ocrx_word' id='word_1_291' title='bbox 998 4038 1099 4090; x_wconf 88' lang='lat' dir='ltr'><strong>Sohiuss</strong></span> <span class='ocrx_word' id='word_1_292' title='bbox 1116 4039 1197 4088; x_wconf 91' lang='lat' dir='ltr'><strong>seiner</strong></span> <span class='ocrx_word' id='word_1_293' title='bbox 1215 4039 1351 4088; x_wconf 82' lang='lat' dir='ltr'><strong>Laufbahn</strong></span> 
     </span>
     <span class='ocr_line' id='line_1_39' title="bbox 278 4126 1349 4190; baseline 0.001 -11"><span class='ocrx_word' id='word_1_294' title='bbox 278 4133 319 4180; x_wconf 88' lang='lat' dir='ltr'><strong>“in</strong></span> <span class='ocrx_word' id='word_1_295' title='bbox 336 4132 383 4178; x_wconf 80' lang='lat' dir='ltr'><strong>den</strong></span> <span class='ocrx_word' id='word_1_296' title='bbox 401 4127 512 4177; x_wconf 84' lang='lat' dir='ltr'><strong>Bacchae</strong></span> <span class='ocrx_word' id='word_1_297' title='bbox 529 4126 727 4190; x_wconf 84' lang='lat' dir='ltr'><strong>niedergeiegt.&#39;&#39;</strong></span> <span class='ocrx_word' id='word_1_298' title='bbox 739 4155 769 4164; x_wconf 92' lang='lat'>-</span> <span class='ocrx_word' id='word_1_299' title='bbox 784 4126 1181 4190; x_wconf 86' lang='lat' dir='ltr'><strong>Vellemscriptorhorjndioium</strong></span> <span class='ocrx_word' id='word_1_300' title='bbox 1191 4144 1240 4178; x_wconf 89' lang='lat' dir='ltr'><strong>non</strong></span> <span class='ocrx_word' id='word_1_301' title='bbox 1250 4144 1349 4190; x_wconf 86' lang='lat' dir='ltr'><strong>expres·</strong></span> 
     </span>
    </p>
   </div>
   <div class='ocr_carea' id='block_1_4' title="bbox 209 4217 745 4280">
    <p class='ocr_par' dir='ltr' id='par_1_9' title="bbox 209 4217 745 4280">
     <span class='ocr_line' id='line_1_40' title="bbox 209 4217 745 4280; baseline -0.015 -8"><span class='ocrx_word' id='word_1_302' title='bbox 209 4249 211 4253; x_wconf 32' lang='grc' dir='ltr'>ν</span> <span class='ocrx_word' id='word_1_303' title='bbox 277 4222 347 4270; x_wconf 86' lang='lat' dir='ltr'><strong>sisset</strong></span> <span class='ocrx_word' id='word_1_304' title='bbox 363 4219 442 4267; x_wconf 89' lang='lat' dir='ltr'><strong>solum</strong></span> <span class='ocrx_word' id='word_1_305' title='bbox 460 4217 503 4266; x_wconf 88' lang='lat' dir='ltr'><strong>sed</strong></span> <span class='ocrx_word' id='word_1_306' title='bbox 519 4217 593 4266; x_wconf 90' lang='lat' dir='ltr'><strong>etiam</strong></span> <span class='ocrx_word' id='word_1_307' title='bbox 610 4217 745 4280; x_wconf 88' lang='lat' dir='ltr'><strong>probasset.</strong></span> 
     </span>
    </p>
   </div>
   <div class='ocr_carea' id='block_1_5' title="bbox 279 4307 1352 4552">
    <p class='ocr_par' dir='ltr' id='par_1_10' title="bbox 279 4307 1352 4552">
     <span class='ocr_line' id='line_1_41' title="bbox 310 4307 1349 4372; baseline 0.004 -15"><span class='ocrx_word' id='word_1_308' title='bbox 310 4310 321 4342; x_wconf 75' lang='lat'>³</span> <span class='ocrx_word' id='word_1_309' title='bbox 354 4309 451 4362; x_wconf 85' lang='lat' dir='ltr'><strong>Helena</strong></span> <span class='ocrx_word' id='word_1_310' title='bbox 467 4307 579 4366; x_wconf 87' lang='lat' dir='ltr'><strong>ridicule,</strong></span> <span class='ocrx_word' id='word_1_311' title='bbox 596 4321 652 4356; x_wconf 88' lang='lat' dir='ltr'><strong>meo</strong></span> <span class='ocrx_word' id='word_1_312' title='bbox 669 4307 767 4371; x_wconf 88' lang='lat' dir='ltr'><strong>quidem</strong></span> <span class='ocrx_word' id='word_1_313' title='bbox 785 4322 871 4367; x_wconf 88' lang='lat' dir='ltr'><strong>sensu,</strong></span> <span class='ocrx_word' id='word_1_314' title='bbox 888 4309 947 4357; x_wconf 91' lang='lat' dir='ltr'><strong>dicit</strong></span> <span class='ocrx_word' id='word_1_315' title='bbox 962 4310 994 4372; x_wconf 82' lang='lat' dir='ltr'><strong>da</strong></span> <span class='ocrx_word' id='word_1_316' title='bbox 1010 4309 1076 4358; x_wconf 82' lang='lat' dir='ltr'><strong>Jove</strong></span> <span class='ocrx_word' id='word_1_317' title='bbox 1093 4309 1119 4356; x_wconf 92' lang='lat' dir='ltr'><strong>in</strong></span> <span class='ocrx_word' id='word_1_318' title='bbox 1133 4323 1236 4372; x_wconf 84' lang='lat' dir='ltr'><strong>cycnum</strong></span> <span class='ocrx_word' id='word_1_319' title='bbox 1246 4320 1349 4361; x_wconf 86' lang='lat' dir='ltr'><strong>mutato:</strong></span> 
     </span>
     <span class='ocr_line' id='line_1_42' title="bbox 279 4396 1349 4463; baseline 0 -14"><span class='ocrx_word' id='word_1_320' title='bbox 279 4401 299 4450; x_wconf 79' lang='grc' dir='ltr'><strong>εἰ</strong></span> <span class='ocrx_word' id='word_1_321' title='bbox 325 4401 407 4463; x_wconf 78' lang='grc' dir='ltr'>σαφὴς</span> <span class='ocrx_word' id='word_1_322' title='bbox 432 4397 506 4456; x_wconf 82' lang='grc' dir='ltr'>οὗτος</span> <span class='ocrx_word' id='word_1_323' title='bbox 531 4399 608 4462; x_wconf 83' lang='grc' dir='ltr'>λόγος</span> <span class='ocrx_word' id='word_1_324' title='bbox 634 4396 680 4458; x_wconf 90' lang='lat' dir='ltr'><strong>(vs.</strong></span> <span class='ocrx_word' id='word_1_325' title='bbox 697 4400 749 4462; x_wconf 86' lang='lat'>21).</span> <span class='ocrx_word' id='word_1_326' title='bbox 782 4399 814 4446; x_wconf 90' lang='lat' dir='ltr'><strong>In</strong></span> <span class='ocrx_word' id='word_1_327' title='bbox 840 4413 913 4447; x_wconf 84' lang='lat' dir='ltr'><strong>scena</strong></span> <span class='ocrx_word' id='word_1_328' title='bbox 937 4400 1032 4463; x_wconf 78' lang='lat' dir='ltr'><strong>tragica</strong></span> <span class='ocrx_word' id='word_1_329' title='bbox 1051 4399 1112 4448; x_wconf 85' lang='lat' dir='ltr'><strong>ferri</strong></span> <span class='ocrx_word' id='word_1_330' title='bbox 1135 4413 1185 4447; x_wconf 91' lang='lat' dir='ltr'><strong>non</strong></span> <span class='ocrx_word' id='word_1_331' title='bbox 1202 4407 1286 4462; x_wconf 86' lang='lat' dir='ltr'><strong>potest</strong></span> <span class='ocrx_word' id='word_1_332' title='bbox 1301 4400 1349 4449; x_wconf 86' lang='lat' dir='ltr'><strong>alia</strong></span> 
     </span>
     <span class='ocr_line' id='line_1_43' title="bbox 279 4477 1352 4552; baseline -0.002 -13"><span class='ocrx_word' id='word_1_333' title='bbox 279 4492 378 4552; x_wconf 81' lang='lat' dir='ltr'><strong>Helena</strong></span> <span class='ocrx_word' id='word_1_334' title='bbox 401 4503 474 4552; x_wconf 83' lang='lat' dir='ltr'><strong>quarn</strong></span> <span class='ocrx_word' id='word_1_335' title='bbox 499 4503 561 4550; x_wconf 89' lang='lat' dir='ltr'><strong>quae</strong></span> <span class='ocrx_word' id='word_1_336' title='bbox 585 4503 617 4536; x_wconf 87' lang='lat' dir='ltr'><strong>ex</strong></span> <span class='ocrx_word' id='word_1_337' title='bbox 642 4503 690 4537; x_wconf 86' lang='lat' dir='ltr'><strong>ovo</strong></span> <span class='ocrx_word' id='word_1_338' title='bbox 714 4487 832 4536; x_wconf 87' lang='lat' dir='ltr'><strong>divinitus</strong></span> <span class='ocrx_word' id='word_1_339' title='bbox 853 4487 982 4537; x_wconf 80' lang='lat' dir='ltr'><strong>fecundato</strong></span> <span class='ocrx_word' id='word_1_340' title='bbox 1002 4477 1126 4552; x_wconf 67' lang='lat' dir='ltr'><strong>prognata</strong></span> <span class='ocrx_word' id='word_1_341' title='bbox 1142 4495 1167 4537; x_wconf 88' lang='lat' dir='ltr'><strong>ot</strong></span> <span class='ocrx_word' id='word_1_342' title='bbox 1182 4503 1212 4537; x_wconf 87' lang='lat' dir='ltr'><strong>aa</strong></span> <span class='ocrx_word' id='word_1_343' title='bbox 1229 4489 1260 4542; x_wconf 88' lang='lat' dir='ltr'><strong>dc</strong></span> <span class='ocrx_word' id='word_1_344' title='bbox 1277 4504 1352 4538; x_wconf 85' lang='lat' dir='ltr'><strong>causa</strong></span> 
     </span>
    </p>
   </div>
   <div class='ocr_carea' id='block_1_6' title="bbox 0 0 1625 5154">
    <p class='ocr_par' dir='ltr' id='par_1_11' title="bbox 0 0 1625 5154">
     <span class='ocr_line' id='line_1_44' title="bbox 0 0 1625 5154; baseline 0 0"><span class='ocrx_word' id='word_1_345' title='bbox 0 0 1625 5154; x_wconf 95' lang='lat' dir='ltr'><strong> </strong></span> 
     </span>
    </p>
   </div>
  </div>
 </body>
</html>
