3216 5154
760 395 800 454 33

153 667 156 675 1
239 603 278 644 ex
321 578 456 666 prologo
496 584 574 644 nota
604 579 743 656 habent3
780 600 945 664 quumque
985 579 1119 644 fatalem
1161 585 1315 645 eventum

238 715 341 779 neque
365 693 480 760 evitari
504 714 608 778 neque
630 692 751 758 mutari
770 709 866 776 posse
888 687 1011 774 sciant,
1035 693 1126 777 parvi
1143 692 1314 778 refertque

237 807 290 871 via
321 829 358 872 eo
393 807 532 892 denique
555 803 770 891 perveniatur.
822 804 982 890 Oedipus,
1009 827 1105 891 quem
1129 806 1197 871 fata
1220 827 1314 890 prae·

237 920 396 984 nunciant
418 919 592 985 occisorem
614 918 717 1003 patris
741 917 809 983 fore
833 924 866 983 et
883 918 997 984 matris
1013 918 1196 1005 conjugem,
1214 919 1314 985 etiam
1361 907 1367 912 ¹

237 1033 265 1096 si
296 1054 362 1097 non
391 1033 607 1120 ignoravisset-
641 1054 716 1098 suos
751 1033 895 1116 natales,
925 1040 1034 1098 tamen
1058 1032 1167 1118 aliqua
1189 1032 1314 1098 ratione

236 1147 411 1231 perductus
444 1153 531 1213 esset
561 1153 598 1212 ut-
630 1153 758 1230 pat-rem
792 1145 968 1211 trucidaret
999 1152 1033 1211 et
1062 1146 1177 1213 matris
1206 1154 1314 1211 torum

236 1262 481 1339 conscenderet3
528 1261 729 1346 Hippolytus
774 1267 883 1324 tamen
923 1259 1032 1345 aliquo
1068 1259 1164 1326 modo
1197 1261 1314 1325 misere

236 1375 402 1460 periisset,
427 1375 576 1461 quamvis
600 1381 694 1460 pater
717 1395 781 1439 non
805 1373 884 1439 diris
907 1395 983 1439 eum
1007 1380 1191 1440 exsecratus
1212 1383 1312 1456 esset,

236 1500 269 1555 et
291 1489 338 1555 sic
361 1510 455 1574 porro
471 1490 491 1554 ¹.

281 1603 390 1669 Media
412 1603 514 1688 igitur
536 1603 589 1668 via
612 1610 663 1667 est
683 1602 844 1675 ineunda,
870 1624 968 1689 quam
990 1608 1100 1668 tamen
1123 1624 1189 1667 non
1208 1601 1314 1688 possit

237 1722 345 1782 tenere
379 1715 464 1799 nisi,
505 1722 544 1779 ut
576 1714 663 1798 dixi,
697 1715 752 1799 qui
784 1715 839 1799 pia
871 1719 997 1797 mente,
1031 1736 1069 1779 ea
1103 1736 1185 1800 quae
1217 1735 1313 1789 nemo

236 1829 340 1895 adhuc
372 1828 537 1901 intellexit
570 1850 604 1893 se
629 1849 757 1914 quoque
781 1827 903 1893 nescire
925 1826 1071 1914 patiens,
1098 1828 1312 1894 nihilominus

236 1929 357 2008 divinis
389 1941 579 2007 numinibus
605 1940 777 2005 hominum
800 1946 921 2006 sortem
943 1933 1012 2026 'regi
1036 1941 1164 2025 credat,
1187 1941 1244 2007 sed
1266 1942 1314 2008 ita

236 2061 273 2120 ut
302 2055 402 2120 simul
432 2055 639 2141 aliquatenus
670 2039 761 2119 faber
786 2075 863 2120 suae
894 2055 1031 2140 quisque
1056 2055 1206 2120 fortunae
1230 2055 1275 2120 sit
1288 2063 1310 2120 ⁹.

237 2167 273 2234 si
302 2191 340 2233 ea
375 2190 467 2233 mens
506 2167 605 2232 fuerit
648 2167 772 2252 tragico
811 2174 943 2252 poetae,
982 2168 1017 2232 in
1060 2167 1129 2254 ojus
1163 2169 1312 2254 operibus

235 2282 340 2347 fatum
367 2282 429 2347 etsi
453 2304 517 2345 non
541 2281 646 2364 absit,
672 2302 737 2346 non
760 2281 858 2366 plane
882 2286 974 2347 extra
990 2282 1312 2368 homineseritposi-

236 2402 324 2478 tum,
350 2395 405 2460 sed
429 2394 538 2479 potius
562 2394 596 2457 in
621 2393 766 2478 ipsorum
789 2392 975 2478 pectoribus
999 2395 1093 2480 quasi
1117 2394 1311 2461 nasoivide·

234 2509 343 2574 bimus
367 2513 400 2573 et
418 2528 575 2588 crescere,
596 2507 697 2572 donec
708 2528 742 2571 se
757 2507 909 2571 evolvens
922 2507 1063 2572 adducat
1078 2512 1310 2595 καταστροφὴνς

235 2641 276 2686 ex
304 2620 443 2706 ingeniis
468 2620 638 2684 hominum
662 2641 836 2704 eorumque
859 2619 1041 2686 actionibus
1066 2621 1236 2686 ethorum
1260 2642 1310 2685 se-

235 2733 339 2820 quelis
371 2732 491 2798 orietur
521 2740 635 2797 catena
667 2731 822 2796 continua
852 2753 1023 2798 causarum
1054 2739 1087 2797 et
1119 2731 1309 2810 effectuum3

230 2856 269 2914 'et
302 2847 330 2912 si
364 2846 493 2932 quando
528 2851 683 2931 appareat
716 2844 794 2910 deus
825 2845 859 2908 in
898 2867 1010 2930 scena,
1045 2867 1111 2911 non
1142 2851 1311 2911 versutum

235 2959 516 3050 praestigiatorem
564 2979 623 3022 nos
668 2956 776 3023 videre
806 2959 1016 3043 putabimus,
1051 2959 1108 3024 sed
1139 2958 1311 3024 coelestem

235 3097 367 3142 oausam
391 3095 501 3138 eorum
526 3094 608 3158 quae
627 3071 697 3157 jam
712 3095 770 3158 per
782 3079 889 3140 totum
902 3073 1015 3138 drama
1027 3094 1309 3158 conspexeramus,

235 3187 327 3272 cujus
351 3189 495 3272 potestas
515 3185 608 3251 nobis
633 3207 760 3251 sacrum
784 3186 949 3271 quendam
973 3187 1136 3252 horrorem
1160 3185 1308 3252 incutiat.

269 3447 277 3480 ¹
310 3449 376 3499 Illud
400 3448 550 3498 incommodi
575 3449 656 3512 magis
681 3449 756 3498 etiam
773 3450 799 3498 in
816 3449 944 3514 Euripidis
960 3464 1033 3512 quam
1050 3449 1075 3497 in
1092 3458 1246 3498 caeterorum
1262 3459 1311 3499 tro·

235 3541 348 3603 gicorum
374 3537 462 3586 sabulis
488 3537 596 3587 incurrit
619 3541 643 3587 in
669 3539 767 3597 oculor,
792 3553 868 3603 quum
893 3538 949 3596 ille,
970 3549 998 3587 ut
1014 3539 1139 3602 Lessingii
1157 3549 1212 3588 utar
1228 3540 1312 3590 verbis

236 3630 336 3692 (Hamb.
363 3630 477 3678 Dramat.
494 3629 539 3677 N⁰.
560 3629 611 3691 48),
629 3629 685 3677 “die
702 3628 825 3692 Riihruug
843 3629 881 3678 dic
898 3643 926 3677 er
943 3629 1142 3692 hervorbringen
1160 3629 1242 3679 wollte
1259 3630 1312 3678 sich
1358 3682 1361 3690 ,

235 3719 321 3768 “nicht
344 3718 438 3768 sowohl
463 3718 598 3782 varsproclr
625 3733 674 3766 von
695 3720 750 3767 dem
769 3735 819 3768 was
836 3719 976 3782 geschehen
992 3720 1064 3768 sollte
1081 3719 1117 3768 als
1135 3734 1183 3768 von
1200 3720 1245 3769 der
1262 3724 1313 3770 Art

236 3809 300 3857 “wie
318 3823 344 3858 es
360 3807 503 3872 geschchen
520 3806 616 3856 sollte'·
689 3808 692 3818 ’

269 3897 279 3928 ²
312 3897 561 3948 Pseudo-Sallustius
585 3898 633 3962 Ep.
658 3898 689 3945 ad
713 3895 785 3947 Caes.
815 3898 826 3945 l
849 3914 854 3944 ι
874 3897 894 3955 l,
918 3898 947 3946 2:
973 3898 1015 3946 “in
1038 3899 1188 3947 carminibus
1214 3900 1312 3964 Appius

239 3988 355 4050 [Caecus]
381 3989 427 4045 ait,
450 3987 549 4037 fabrum
575 4002 630 4036 csse
653 4002 712 4036 sune
734 4001 857 4060 quemque
882 3985 1021 4036 fortunac.'’
1055 3988 1130 4038 Unde
1156 3989 1198 4038 W.
1215 3990 1312 4038 Teuffel

236 4078 308 4127 Rom.
326 4078 540 4142 Literatnrgosch.
557 4079 571 4140 §
587 4078 628 4136 88,
645 4079 661 4126 5
678 4077 743 4125 hunc
759 4075 835 4126 eflicit
851 4078 990 4126 saturnium
1008 4093 1119 4128 versum:

448 4166 514 4217 inber
531 4169 588 4216 sirac
606 4166 719 4216 fortunae
736 4175 767 4202 -’
785 4165 954 4230 unusquisque
972 4176 1008 4216 cst
1024 4168 1100 4230 ipsus.

714 4356 724 4364 w
733 4354 870 4366 xxx-VM*-
