3216 5154
798 399 840 461 58

441 585 555 670 ψυχῶν
578 588 688 670 σοφῶν
709 584 792 650 τοῦτ’
813 587 876 649 ἐστὶ
899 587 1153 671 φροντιστήριον·

442 687 562 754 ἐνταῦθ’
585 689 736 754 ἐνοικοῦσ’
761 687 875 776 ἄνδρες
897 688 928 754 οἳ
948 690 1005 754 τὸν
1027 690 1166 774 οὐρανὸν

439 793 590 879 λέγοντες
612 792 836 860 ἀναπείθουσιν
859 796 902 869 ὡς
924 793 1007 859 ἔστιν
1029 795 1169 878 πνιγεύς,

440 898 548 964 κᾶστιν
570 902 640 985 περὶ
660 900 742 982 ἡμᾶς
763 900 875 975 οὗτος,
898 899 984 982 ἡμεῖς
1008 895 1034 964 δ’
1056 895 1210 984 ἄνθρακες
1226 897 1246 953 ¹·

280 1024 387 1110 Hujus
404 1025 520 1112 ,igitur
552 1047 645 1092 casae
666 1026 803 1112 januam
826 1027 968 1094 validius
991 1027 1127 1112 pulsans
1152 1025 1355 1111 Strepsia'des

278 1162 298 1204 a
326 1138 486 1224 discipulo
516 1139 658 1207 Socratis
681 1140 853 1226 corripitur
875 1141 961 1227 quod
985 1137 1128 1228 φροντίδ’
1150 1137 1355 1226 ἐξήμβλωκεν

278 1251 485 1341 ἐξηυρημένην
518 1259 580 1336 (vs.
617 1257 680 1320 137
706 1255 805 1341 sqq),
829 1254 981 1320 videlicet
1005 1275 1086 1340 quae
1112 1254 1156 1319 sit
1179 1252 1262 1318 ratio
1285 1274 1355 1317 ma-

247 1368 456 1435 -thematica
484 1368 571 1433 inter
601 1368 722 1434 saltum
754 1367 872 1454 pulicis
897 1373 930 1432 et
959 1366 1028 1453 ejus
1060 1366 1180 1452 pedum
1208 1365 1354 1452 longitu-

278 1483 397 1548 dinem.
446 1479 565 1547 Narrat
593 1486 759 1568 praeterea
789 1481 910 1546 rustico
943 1481 1108 1567 stupenti,
1140 1500 1239 1565 quam
1262 1478 1353 1564 inge-

278 1595 369 1662 niose
404 1596 551 1662 Socrates
583 1594 723 1681 explicet
748 1600 881 1661 cantum
904 1594 1045 1661 culicum
1070 1593 1132 1678 (vs.
1161 1595 1223 1658 157
1249 1595 1353 1679 sqq),

277 1714 310 1774 et
334 1710 513 1794 quomodo,
538 1731 639 1796 quum
662 1730 793 1775 cursum
814 1707 912 1774 lunae
925 1707 1055 1773 inhians
1068 1705 1352 1793 contemplaretur,

278 1825 312 1888 in
345 1824 414 1910 ejus
448 1846 484 1890 os
515 1831 664 1910 apertum
687 1823 840 1888 inciderit
864 1823 975 1888 merda
997 1822 1166 1888 mustelae.
1216 1821 1296 1886 Mox
1319 1822 1353 1885 in

278 1938 410 2003 domum
441 1938 603 2004 admissus
636 1937 838 2022 Strepsiades
870 1935 1010 2021 adspicit
1032 1935 1210 2019 discipulos
1235 1939 1354 2020 ἐγκεκυ·

278 2052 394 2135 φότας,
427 2051 465 2115 τὰ
497 2051 571 2115 κατὰ
601 2059 662 2136 γῆς
694 2049 886 2125 ζητοῦντος,
915 2049 1023 2134 ipsum
1054 2053 1163 2114 aulem
1189 2048 1354 2115 Socratem

278 2159 519 2250 ἀεροβατοῦντα
545 2168 593 2228 καὶ
614 2169 867 2251 περιφρονοῦντα
887 2164 944 2228 τὸν
965 2161 1073 2237 ἥλιον,
1095 2162 1128 2226 ln
1145 2162 1278 2227 sublimi
1291 2164 1353 2228 scl-

278 2275 356 2340 licet
388 2295 598 2359 suspensum,
631 2295 694 2360 quo
725 2275 835 2340 anima
868 2274 981 2360 procul
1011 2297 1031 2340 a
1060 2274 1213 2360 gravibus
1237 2274 1353 2342 humo-

277 2387 367 2453 ribus
399 2387 456 2473 qui
484 2392 601 2452 terram
635 2387 772 2473 cingunt
802 2389 837 2452 in
869 2387 1015 2453 tenuiore
1046 2394 1118 2453 aare
1142 2388 1186 2453 sit
1208 2389 1350 2454 alacrior.

279 2501 346 2567 Sua
369 2499 507 2566 numina
528 2499 700 2586 profitetur
722 2499 835 2566 Nubes
860 2499 924 2583 (vs.
951 2501 1045 2586 253),
1067 2500 1196 2566 invocat
1213 2501 1352 2566 immen-

279 2637 353 2681 sum
364 2616 451 2681 Abra
460 2613 732 2701 splendidumque
744 2615 886 2681 Aethera
900 2619 934 2681 et
945 2614 1049 2680 almas
1061 2614 1173 2681 Nubes
1183 2613 1246 2698 (vs.
1258 2616 1352 2699 265),

279 2735 312 2795 et
318 2728 486 2814 jurantem
499 2728 649 2794 audimus
661 2750 718 2814 per
729 2729 896 2812 Animam,
911 2727 1017 2795 Ohaos
1029 2729 1176 2815 Aeraque
1186 2729 1249 2814 (vs.
1261 2731 1351 2815 627).

278 2842 391 2908 Nubes
417 2841 493 2908 illae
518 2863 538 2906 a
565 2841 695 2907 Socrate
723 2863 768 2907 vs.
799 2844 862 2907 317
888 2862 957 2927 sqq.
983 2840 1034 2906 his
1060 2840 1168 2906 titulis
1191 2846 1225 2906 et
1248 2840 1353 2907 laudi-

278 2959 339 3024 bus
363 2963 533 3022 ornantur:

632 3123 634 3128 ·
720 3084 854 3170 μεγάλαι
877 3083 940 3150 θεαὶ
963 3081 1116 3171 ἀνδράσιν
1139 3085 1267 3169 ἀργοῖς,

266 3204 268 3208 ’
321 3193 409 3277 α’ίπερ
431 3191 560 3276 γνώμην
583 3195 629 3255 καὶ
653 3186 791 3263 διάλεξιν
813 3193 861 3255 καὶ
884 3196 960 3255 νοῦν
982 3191 1055 3274 ἡμῖν
1077 3193 1263 3277 παρέχουσιΥ

320 3299 368 3359 καὶ
389 3298 547 3380 τερατείαν
568 3297 616 3357 καὶ
638 3291 798 3380 περίλεξιν
818 3299 866 3360 καὶ
889 3300 1017 3380 κροῦσιν
1039 3299 1087 3359 καὶ
1110 3293 1293 3377 κατάληψιν·

280 3414 313 3473 et
336 3429 382 3473 vs.
410 3411 474 3473 332
499 3429 568 3495 sqq.
594 3408 634 3473 de
657 3406 697 3473 iis
720 3408 901 3494 praedicat:

322 3537 435 3623 οὐγὰρ
446 3538 489 3620 μὰ
503 3512 552 3602 Δί’
565 3535 646 3602 οἶσθ’
659 3540 725 3613 ὁτιὴ
739 3537 911 3613 πλείστους
923 3539 1009 3604 αὗται
1019 3535 1178 3624 βόσκουσι
1191 3541 1354 3624 σοφιστάς,

323 3639 570 3728 θουριομάντεις,
593 3644 811 3728 ἰατροτέχνας,
834 3640 1293 3730 σφραγιδονυχαργοκομήτας,

322 3744 456 3810 κυκλίων
478 3773 509 3809 τε
533 3751 642 3833 χορῶν
654 3747 931 3831 ᾀσματοκάμπτας,
943 3745 1063 3836 ἄνδρας
1073 3752 1353 3836 μετεωροφένακας·

284 3865 432 3951 Denique
465 3872 500 3929 ut
531 3865 683 3930 ostendat
715 3866 881 3949 Socrates,
906 3889 972 3932 non
995 3867 1109 3933 invitis
1133 3867 1185 3934 his
1209 3868 1354 3934 numini-

282 3979 343 4044 bus
367 3999 402 4043 se
425 3999 554 4063 operam
576 3977 704 4044 dedisse
716 3979 961 4063 quaestionibus
974 3982 1354 4067 naturalibus,ingentis

316 4186 322 4217 ¹
357 4186 421 4238 cum
438 4187 485 4235 hoc
500 4187 555 4236 loco
565 4187 731 4237 conferendus
748 4197 786 4238 est
801 4189 865 4240 altor
881 4149 1061 4241 simillimnscx
1071 4191 1168 4242 Avibus
1177 4207 1213 4242 vs.
1225 4195 1356 4257 1000sqq.,

284 4277 324 4325 ubi
341 4277 428 4327 Meton
445 4275 480 4325 ita
496 4276 597 4341 loquens
614 4278 750 4326 inducitur:
1367 4274 1370 4280 ’

476 4366 566 4415 αὐτίκα
583 4369 632 4430 γὰρ
649 4366 698 4429 άὴρ
716 4368 768 4416 ἐστι
786 4369 835 4427 τὴν
854 4368 922 4419 lotae
940 4369 999 4426 ὅλος

476 4456 539 4503 κατὰ
558 4453 648 4518 πνιγέα
666 4455 775 4518 μάλιστα
