3216 5154
806 351 846 411 34

406 583 419 662 ξ
447 586 477 645 4.
526 581 590 646 Cur
614 579 807 666 truqccdios,
827 601 947 666 purum
970 583 1108 664 tropicus
1132 573 1249 662 iamed,

634 698 798 779 scripserit
831 692 1015 778 Euripides.

337 870 372 935 Si
414 891 479 933 non
514 869 612 954 plane
646 869 916 954 improbabilibus
953 869 1155 956 argumentis
1192 869 1365 953 contendi,

290 985 500 1070 Euripidem,
537 985 670 1050 deorum
705 985 891 1050 Atticorum
919 990 1173 1067 contemtorem,
1198 989 1369 1069 propterea

291 1100 333 1164 ad
369 1098 527 1184 tragicam
550 1099 664 1182 poesin
688 1098 797 1163 minus
821 1104 934 1183 aptum
958 1097 1079 1181 fuisse,
1106 1097 1189 1163 forte
1217 1097 1289 1182 quis
1316 1117 1367 1161 ro-

290 1217 346 1297 get
381 1233 437 1276 cur
465 1211 582 1297 .igitur
623 1209 796 1296 Euripides
836 1211 1065 1296 Melpomenen
1101 1209 1269 1276 colendam
1305 1208 1368 1273 sibi

290 1325 446 1410 elegerit?
492 1323 603 1408 Digna
627 1344 704 1387 sane
728 1323 807 1388 haec
830 1323 978 1409 quaestio
1002 1323 1042 1388 de
1066 1345 1131 1408 qua
1148 1323 1369 1406 adhuepauca

290 1438 446 1503 dicamus.
494 1435 598 1500 Fuere
632 1435 688 1520 qui
718 1441 872 1519 putarent
889 1437 916 1520 ⁴,
949 1435 1162 1521 Euripidem,
1191 1435 1250 1498 “in
1274 1455 1370 1499 scena

290 1550 520 1636 philosophum
530 1550 562 1633 ,''
607 1548 680 1612 ideo
724 1548 870 1613 induisse
910 1549 1084 1614 cothurnos
1117 1554 1155 1613 ut
1188 1548 1369 1613 doctrinam

290 1663 506 1750 praeceptoris
537 1663 749 1747 Anaxagorae
781 1685 798 1727 e
833 1684 928 1728 scena
959 1662 1083 1748 tragica
1110 1667 1222 1747 posset
1244 1661 1369 1726 civibus

290 1777 532 1859 commendare,
565 1777 686 1862 majore
720 1776 879 1842 eruditorio
912 1783 945 1840 et
978 1775 1102 1841 minore
1134 1797 1193 1840 suo
1224 1774 1369 1860 periculo

291 1914 387 1977 quam
424 1891 452 1954 si
481 1891 521 1954 de
552 1888 594 1953 iis
628 1887 721 1953 rebus
756 1889 790 1952 in
823 1887 944 1953 scholis
979 1887 1216 1972 philosophicis
1249 1897 1367 1972 ageret.

292 2005 381 2069 Haec
415 2023 491 2067 vero
523 2000 644 2065 fabella
679 2014 747 2064 tarn
770 2000 882 2084 inepta
906 2007 956 2064 est
979 2005 1017 2063 ut
1039 1999 1095 2063 vix
1119 2020 1317 2084 quemquam
1340 2000 1370 2064 ei

291 2117 389 2181 fidem
423 2113 613 2180 habiturum
643 2134 714 2177 esse
741 2134 899 2178 censeam.
948 2112 1021 2196 Ego
1051 2111 1161 2196 potius
1186 2113 1232 2177 sic
1255 2112 1367 2177 habeo.

337 2226 489 2312 Euripidi
523 2247 589 2290 non
623 2226 727 2290 inerat
761 2226 810 2290 vis
845 2225 957 2290 divina
995 2225 1119 2309 poesis,
1157 2246 1220 2289 non
1255 2225 1370 2310 igneus

292 2341 348 2406 ille
372 2341 467 2405 ardor
490 2340 546 2426 qui
569 2341 604 2404 in
628 2361 712 2404 nova
735 2339 853 2405 itinera
875 2339 1014 2424 proripit
1028 2343 1137 2404 vatem
1159 2340 1236 2424 quia
1250 2346 1370 2404 stratae

291 2456 363 2520 viae
387 2454 417 2518 ei
440 2475 507 2518 non
530 2452 697 2518 sufficiunt
714 2453 738 2535 ³,
764 2453 821 2517 sed
836 2451 1064 2517 tantummodo
1084 2451 1254 2538 ingenium
1276 2453 1371 2519 velox

292 2575 326 2635 et
348 2575 490 2634 acutum.
526 2567 710 2654 Sapientiae
732 2569 915 2652 studiosuS,
932 2590 1063 2653 operam
1076 2568 1208 2634 dederat
1218 2575 1257 2636 ut
1267 2571 1369 2636 vitam

292 2703 462 2769 moresque
490 2681 660 2746 hominum
693 2687 897 2765 pernosceret
912 2688 942 2763 ³,
974 2683 1060 2767 quod
1091 2681 1121 2747 ei
1151 2683 1233 2749 bone
1256 2685 1369 2751 cessit:

294 2798 334 2862 ad
367 2818 404 2861 ea
434 2795 536 2882 igitur
560 2796 594 2860 in
620 2817 717 2861 scena
743 2796 1014 2880 repraesentanda
1036 2795 1262 2880 paratissimus
1286 2805 1370 2881 erat,

294 2934 352 2977 nec
374 2913 511 2994 mirum,
535 2931 553 2976 e
573 2909 663 2996 poesi
687 2909 818 2974 laudem
839 2909 902 2974 sibi
924 2915 1148 2996 quaerentem,
1173 2910 1208 2975 in
1227 2911 1371 2976 dramate

294 3046 369 3090 eum
402 3024 490 3090 vitae
523 3025 701 3090 tentorium
733 3023 890 3108 posuisse.
938 3023 1041 3088 Vetus
1073 3031 1184 3089 autem
1207 3024 1372 3090 comoedia

294 3137 533 3222 Aristophanes
555 3137 652 3221 plane
675 3135 715 3200 ab
736 3135 806 3221 ejus
831 3135 940 3202 indole
955 3135 1154 3201 abhorrebat.
1193 3136 1285 3202 Nihil
1309 3139 1371 3224 igi-

295 3262 348 3315 tur
378 3250 521 3315 restabat
551 3257 677 3335 praeter
701 3248 916 3334 tragoediam,
941 3248 969 3313 si
993 3249 1109 3313 saltem
1133 3272 1174 3314 ex
1196 3251 1370 3335 generibus

296 3385 357 3428 usu
387 3363 522 3447 receptis
552 3385 654 3428 unum
690 3367 758 3427 erat
784 3361 979 3447 eligendum.
1029 3363 1092 3428 Sed
1122 3363 1151 3428 si
1174 3385 1267 3429 verus
1291 3363 1372 3430 fuis-

296 3485 345 3541 set
378 3480 489 3560 poeta,
525 3498 590 3540 non
623 3475 770 3540 doctrina
803 3481 836 3539 et
868 3475 973 3539 multa
999 3475 1228 3542 exercitatione
1254 3476 1372 3559 factus,

327 3689 335 3720 ¹
370 3689 421 3738 vd.
433 3687 532 3739 Suidas:
549 3689 590 3738 ἐπὶ
604 3687 745 3753 τραγῳδίαν
762 3687 787 3737 δὲ
801 3687 907 3751 ἐτράπη,
917 3687 962 3736 τδν
972 3686 1144 3752 Ἀναξαγόραν
1153 3687 1212 3737 ἰδὼν
1222 3688 1372 3738 ὑποστάντα

292 3780 425 3837 κινδύνους
442 3777 471 3827 δι’
488 3780 553 3844 ι’ίπερ
571 3777 648 3839 deiris
666 3777 788 3843 δόγματα.

324 3868 334 3899 ²
368 3869 405 3918 Ut
421 3869 451 3916 de
468 3869 572 3916 deorum
589 3868 657 3930 equis
674 3868 780 3931 legimus
799 3868 905 3931 (Hymn.
922 3867 1010 3918 Gerar.
1028 3882 1063 3915 vs.
1080 3869 1126 3917 381
1147 3868 1222 3930 sqq.):

683 3965 684 3968 ’
891 3957 946 4007 οὐδὲ
963 3957 1082 4006 θάλασσα

491 4045 543 4094 οὔθ’
560 4045 624 4110 ὕδωρ
643 4050 766 4110 ποταμῶν
784 4045 834 4094 οὔτ’
852 4047 929 4110 ἄγκεα
947 4045 1070 4106 ποιήεντα

488 4135 577 4183 Ιι’ππιον
594 4134 740 4196 ἀθανάτων,
759 4133 810 4183 οὔτ’
828 4135 918 4199 ἄκριες,
936 4135 1043 4198 ἔσχεθον
1059 4133 1147 4198 ὁρμὴν,

488 4223 546 4273 ἀλλ’
565 4224 627 4288 ὑπὲρ
645 4225 748 4274 αὐτάων
764 4223 851 4286 βαθὺν
868 4223 930 4287 ἠέρα
947 4222 1040 4287 τέμνον
1057 4223 1147 4282 ἰόντες.

326 4315 335 4346 ³
371 4316 453 4378 Magis
479 4324 562 4364 tamen
588 4328 622 4363 ex
647 4315 808 4363 meditatione
834 4321 858 4362 et
882 4328 914 4362 ex
936 4313 1004 4362 libris
1027 4329 1101 4376 quarn
1119 4315 1277 4377 exipsorum
1294 4315 1371 4363 homi-

293 4423 351 4455 nunu
368 4405 553 4464 consuetudine,
572 4405 636 4453 conf.
654 4405 719 4453 inira
735 4419 793 4467 pag.
810 4405 843 4452 52
860 4418 894 4465 sq.
