3216 5154
770 406 787 465 7

246 614 343 677 quam
370 612 499 657 noscere
524 611 590 655 non
612 590 750 674 putabat
763 609 888 674 operae
909 589 1069 674 pretium,
1087 590 1227 674 pessime
1239 615 1312 676 per-

246 724 339 785 osus,
383 709 496 768 contra
537 703 742 788 antiquitatis
784 723 896 767 amaus
941 707 974 768 et
1007 703 1149 768 fervidus
1182 711 1312 789 patrum

245 797 431 899 admirator,
466 815 632 881 diffidebat
662 816 892 899 novatoribus,
924 821 956 881 11
982 837 1092 882 omnes
1115 817 1312 882 mutationes

245 927 359 993 invitis
389 930 566 1014 aspiciebat
589 929 710 1012 caulis,
735 951 836 1015 quum
859 934 945 994 certa
970 934 1003 994 et
1023 951 1085 995 usu
1108 931 1253 1016 cognita,
1275 935 1313 994 ut

246 1061 265 1102 a
299 1039 475 1125 majoribus
518 1041 639 1106 tradita
670 1047 778 1125 erant,
814 1064 872 1127 pro
904 1064 960 1126 spe
994 1041 1135 1127 ancipite
1169 1041 1314 1107 deserere

245 1152 335 1218 nefas
361 1154 513 1239 haberet,
539 1177 597 1220 nec
619 1161 687 1219 tam
703 1160 834 1220 sanctae
849 1155 1060 1221 haereditatis
1074 1157 1127 1221 vel
1142 1155 1314 1220 minimam

245 1267 437 1352 particulam
462 1267 597 1334 tolerare
617 1273 728 1352 posset
750 1289 770 1332 a
793 1290 956 1354 quoquam
977 1267 1040 1333 sibi
1056 1267 1157 1352 eripi3
1173 1305 1217 1314 —
1233 1267 1316 1332 alter

245 1381 428 1464 praesentia
457 1381 702 1464 contemnebat,
738 1387 771 1446 11
802 1403 902 1446 noras
935 1382 1003 1445 vias
1034 1380 1222 1466 ingressus,
1254 1401 1315 1465 ope
1370 1379 1373 1384 ’

246 1493 433 1558 dialecticae
458 1498 491 1557 et
513 1492 689 1559 rhetoricae
712 1494 809 1576 artis,
834 1516 931 1579 quam
947 1495 989 1558 ad
1003 1513 1147 1580 unguem
1159 1492 1312 1574 callebat,

246 1607 285 1672 de
302 1605 438 1690 receptis
457 1605 663 1690 opinionibus
685 1611 718 1671 11
737 1606 897 1672 1111111111
921 1628 995 1672 cum
1016 1607 1189 1692 diligenter
1206 1605 1314 1690 inqui-

245 1740 312 1784 rere
340 1725 412 1784 tum
439 1719 602 1785 subtiliter
624 1720 789 1805 disputare
814 1721 958 1799 amabat3
983 1727 1016 1786 et
1042 1719 1195 1806 quioquid
1217 1718 1258 1782 inv
1273 1717 1314 1782 iis
1391 1711 1392 1714 '

246 1832 383 1897 obsoleti
419 1837 476 1898 aut
505 1854 621 1917 parum
653 1833 820 1918 probabile
852 1832 1045 1917 offenderet,
1077 1831 1170 1896 nulla
1200 1830 1317 1916 religio

246 1950 315 2010 erat
338 1945 474 2037 abjicere
497 1949 654 2030 tanquam
678 1945 795 2011 scorias
821 1967 840 2010 a
865 1945 1000 2014 metallo
1021 1944 1190 2009 detractas.

292 2058 379 2124 Satis
402 2058 530 2123 ostendi
553 2079 650 2143 quam
673 2059 803 2143 penitus
825 2057 998 2124 dissimilia
1013 2055 1136 2122 fuerint
1148 2055 1315 2140 Euripidis

247 2170 539 2256 Aristophanisque
571 2171 711 2256 ingenia.
762 2171 875 2237 Unum
905 2176 1014 2236 tamen
1047 2167 1233 2237 addendum
1266 2172 1316 2232 est
1405 2245 1410 2254 ¹

248 2289 286 2347 ut
315 2283 415 2368 probe
444 2284 629 2368 capiamus,
663 2306 719 2350 our
750 2305 814 2350 non
840 2288 976 2370 possent
1001 2283 1146 2347 diversas
1170 2280 1239 2345 vias
1264 2301 1312 2344 se-

247 2395 373 2480 quendo
404 2396 473 2462 sine
506 2397 584 2462 rixis
612 2397 727 2482 degere
750 2397 869 2480 vitam,
895 2396 951 2462 sed
973 2394 1067 2460 fatali
1090 2394 1230 2480 quadam
1258 2415 1317 2457 ne-

247 2508 397 2574 cessitate
431 2508 513 2573 alter
544 2495 578 2573 in
609 2509 745 2575 alterum
783 2509 912 2574 incitari
949 2507 1086 2573 deberet.
1134 2506 1238 2571 Fuere
1260 2506 1316 2591 qui

132 2708 135 2715 Ι
247 2622 366 2686 mirum
395 2621 474 2708 quid
497 2621 560 2686 sihi
584 2620 768 2687 riderentur
791 2620 933 2686 conferre
956 2621 995 2692 ad
1019 2626 1104 2684 recte
1127 2618 1315 2702 intelligen-

247 2736 326 2801 dum
347 2735 458 2800 odium
481 2755 545 2820 quo
569 2733 759 2819 Euripidem
781 2739 970 2818 prosecutus
992 2739 1042 2798 est
1063 2731 1316 2816 Aristophanes,

249 2849 305 2914 ubi
331 2848 510 2933 allegarent
543 2845 658 2911 tritum
687 2845 883 2911 versiculum
910 2844 1110 2912 Hesiodeum
1139 2844 1179 2908 de
1202 2840 1319 2908 ἀοιδῶν

249 2959 356 3046 φθόνῳ
374 2962 394 3025 ¹.
428 2960 496 3025 Nos
520 2960 554 3024 in
579 2966 647 3024 tam
669 2959 842 3044 nugatoria
866 2957 1082 3042 explicatione
1102 2977 1168 3020 non
1189 2956 1316 3041 acquie-

249 3095 374 3141 suemus
385 3099 398 3150 3·
422 3073 479 3138 sed
513 3092 586 3137 cum
621 3070 775 3156 primaria
806 3093 903 3136 causa
926 3069 1023 3155 hujus
1047 3069 1225 3134 simultatis
1244 3068 1315 3152 jam

248 3187 422 3252 manifesta
445 3185 506 3268 sit,
531 3183 719 3250 secundaria
740 3205 866 3270 qnoque
887 3189 925 3248 ut
940 3188 1111 3268 appareat,
1131 3187 1317 3266 reputemus

250 3299 419 3365 nobiscum
451 3319 513 3382 quo
545 3302 690 3382 tempore
723 3295 842 3361 vixerit
871 3302 1015 3380 uterque,
1053 3294 1316 3378 Aristophanes,

249 3410 384 3476 minime
414 3411 523 3495 segnis
552 3409 631 3475 civis
657 3410 714 3475 sed
736 3410 859 3494 patriae
885 3410 1148 3496 amantissimus,
1174 3433 1245 3477 eam
1269 3410 1317 3475 vi-

251 3525 348 3591 debat
377 3525 417 3590 de
447 3509 569 3609 gloriae
602 3523 744 3590 culmine
776 3525 898 3590 sensim
932 3525 999 3588 labi
1030 3525 1064 3588 in
1096 3524 1256 3606 deterius,
1285 3532 1318 3588 et

251 3639 383 3710 tandem
414 3637 529 3702 misere
557 3641 753 3721 prostratam
776 3635 870 3702 luxit.
921 3637 1004 3702 Cum
1028 3636 1184 3722 Euripide
1208 3643 1317 3703 tamen

251 3751 437 3834 contendit,
467 3750 607 3816 Athenis
645 3750 749 3815 adhuc
780 3749 943 3815 stantibus
979 3751 1112 3814 intactis
1120 3798 1128 3832 ,
1163 3750 1219 3815 sed
1253 3770 1317 3835 quo

252 3870 411 3948 tempore,
436 3869 474 3928 ut
496 3870 565 3929 erat
588 3862 702 3928 multis
725 3883 856 3928 suorum
877 3863 996 3928 civium
1013 3863 1235 3948 perspicacior,
1247 3862 1316 3947 jam

252 3976 373 4061 passim
400 3976 535 4042 notabat
557 3976 717 4042 internam
744 3976 979 4061 corruptelam,
1004 3997 1084 4061 quac
1108 3975 1190 4040 labis
1212 3983 1317 4041 exter-

253 4111 331 4173 nae,
357 4111 434 4154 mox
457 4094 640 4172 secuturae,
664 4089 797 4155 extabat
819 4109 923 4153 causa.
959 4089 1047 4155 ¹Vere
1060 4088 1176 4172 ingens
1194 4087 1318 4153 malum

254 4204 391 4269 ducebat
428 4201 616 4268 effrenatam
658 4202 904 4285 ochlocratiam,
941 4223 1022 4287 quae
1053 4200 1211 4286 gliscebat
1245 4207 1319 4287 post

289 4469 296 4500 ¹
314 4470 373 4518 Vid.
391 4484 412 4518 c.
428 4483 453 4532 g.
470 4467 625 4517 Frischliuus
643 4467 668 4514 in
686 4467 812 4516 Ronarum
829 4463 982 4527 expositione
1000 4465 1064 4527 apud
1081 4465 1220 4514 Kusterum.
