3222 5170
768 371 806 432 81

237 552 439 647 Ἀἰγικορέων
464 558 634 645 deducitur
657 581 676 622 a
701 557 846 624 Palladis
869 559 983 644 aegide
996 563 1019 643 ¹,
1043 564 1076 624 ei
1093 560 1181 626 ionis
1203 583 1339 628 nomen¹

249 693 308 757 pro
331 671 501 757 participio
516 671 606 738 verbi
620 675 695 737 ἰέναι
711 671 881 749 habetur&
900 670 1055 737 Zetonem
1072 672 1134 738 ἀπὸ
1149 681 1205 739 τοῦ
1220 673 1323 749 ζητεῖν

248 788 359 860 τόπον,
382 784 603 869 Amphionem
623 788 670 850 ὅτι
686 787 719 850 ἐν
734 781 828 870 διόδῳ
844 784 863 859 ἢ
880 788 927 850 ὅτι
938 784 1016 872 ἀμφὶ
1028 781 1106 850 ὁδὸν
1118 785 1215 850 αὐτὸν
1226 783 1324 850 ἔτεκεν
1427 859 1429 863 ,

249 903 353 964 mater
374 898 590 984 appellavisse
612 893 732 964 dieitur
747 897 773 980 ³,
799 918 896 982 quem
911 897 1145 984 etymologiam
1161 917 1227 962 non
1240 895 1323 961 effu-

248 1009 337 1096 gisse
366 991 481 1077 oomici
509 1009 647 1096 sagittas
678 1008 783 1094 liquet
815 1031 856 1074 ex
885 1009 946 1074 hoe
975 1010 1047 1078 loeo
1071 1008 1189 1075 veteris
1213 1030 1323 1094 gram-

249 1123 375 1189 matici:
400 1129 417 1189 ὁ
440 1121 471 1190 δὲ
492 1122 725 1210 Ἀριστοφάνης
739 1123 990 1206 ,κωμικενόμενος
1007 1122 1090 1209 λέγει
1102 1118 1324 1207 ὅτιἊμφοδος

219 1261 222 1266 ·
250 1235 360 1324 ὤφειλε
381 1235 532 1312 κληθῆναι
546 1235 568 1300 ⁴.
609 1235 673 1299 Per
706 1234 864 1320 frigidum
887 1234 997 1299 lusum
1022 1233 1180 1319 Meleagri
1202 1255 1322 1298 nomen

249 1369 324 1414 oum
356 1348 448 1434 μελέᾳ
469 1349 553 1436 ἄγρᾳ
588 1347 761 1432 Calydonii
796 1347 867 1432 apri
898 1347 1101 1414 eonnectitur
1116 1349 1140 1432 ⁶,
1166 1352 1199 1413 et
1222 1369 1323 1431 equus

249 1461 404 1547 Trojanus
423 1466 556 1526 vocatur
581 1458 723 1548 deriperoc
741 1463 852 1536 ἵππος,
870 1462 1008 1549 κρυπτὸν
1026 1460 1196 1548 ἀμπισχὼν
1209 1457 1285 1547 δόρυ
1299 1458 1321 1524 ⁶.

281 1734 450 1793 Recentiores,
467 1738 603 1797 praeeunte
621 1729 651 1783 G.
669 1730 812 1791 Dindorfio,
830 1731 875 1780 hos
891 1745 980 1781 versus
995 1737 1111 1796 tanquam
1129 1733 1271 1783 subditicios
1288 1750 1325 1785 re·

245 1823 336 1888 jiciuut
359 1820 461 1885 (Bernh.
486 1820 521 1868 ll.
546 1834 603 1883 pug.
629 1819 697 1882 tea).
740 1817 789 1869 Sed
813 1834 861 1883 quo
883 1821 985 1869 taudem
998 1820 1072 1886 jure?
1105 1821 1218 1876 Versum
1235 1827 1284 1876 293
1301 1835 1327 1875 et

248 1919 391 1977 aequantem
415 1925 492 1975 usque
516 1911 579 1960 adeo
602 1924 676 1960 sensu
700 1924 785 1959 cerere
802 1918 829 1958 ut
845 1923 877 1958 ne
893 1909 975 1961 infimi
991 1909 1091 1974 quidem
1108 1913 1202 1962 ordinis
1217 1915 1325 1979 interpo-

248 1987 317 2052 letor¹
329 2003 364 2050 ite
380 2011 409 2050 ut
424 2015 491 2050 nune
507 2000 601 2064 legitur
618 2000 726 2049 scribere
743 1999 865 2062 potuerit,
883 2007 943 2064 pute
958 2000 985 2048 iu
1001 1999 1112 2051 confesso
1127 2016 1187 2052 esse.
1211 2003 1239 2054 si
1255 2004 1327 2070 hujus

247 2093 296 2142 loei
319 2091 427 2155 corrupti
452 2088 587 2153 probabilis
611 2087 731 2139 eorrectio
756 2088 913 2138 inveniretur
938 2089 1007 2151 (nem
1030 2089 1096 2149 ἔθηκ’
1125 2091 1152 2139 ἐν
1177 2091 1245 2156 τῷδ’,
1261 2093 1328 2156 quod

249 2182 384 2236 Schoenius
408 2181 434 2228 in
459 2195 503 2230 sue
527 2178 636 2229 editione
662 2179 761 2242 scripsit
784 2194 834 2228 uon
859 2179 963 2239 suffieit,
992 2195 1068 2243 quum
1093 2181 1233 2244 genitivum
1255 2182 1326 2232 illurn

244 2273 327 2341 ’Ἤρας
350 2271 470 2322 intectum
495 2269 636 2334 reliquerit)
661 2268 723 2317 nihil
747 2269 787 2318 hie
811 2269 923 2319 viderem
948 2270 1016 2334 quod
1036 2271 1067 2319 ab
1083 2271 1209 2334 Euripidis
1226 2272 1327 2336 ingenio
1359 2292 1363 2300 ·
1423 2280 1426 2290 '

248 2363 386 2412 abhorreat.

283 2451 291 2483 ¹
325 2451 381 2500 Ion.
396 2464 433 2500 vs.
451 2449 526 2498 1580:
544 2449 605 2512 ἐμῆς
622 2447 644 2497 d'
661 2447 710 2496 ἀπ’
727 2447 825 2513 αἰγίδος
842 2448 984 2514 Αἰγικορῆς.
1001 2449 1092 2500 Nescio
1103 2457 1187 2501 utrum
1195 2452 1236 2501 hie
1243 2455 1325 2517 magis

249 2542 276 2611 iu
300 2548 373 2604 poete
396 2538 503 2589 demirer
523 2537 722 2600 intempestivam
739 2537 884 2586 eruditionis
900 2539 1100 2598 ostentationem,
1118 2545 1193 2604 quum
1210 2542 1326 2592 dmmatis

249 2630 292 2680 fini
307 2637 390 2680 assuat
405 2627 519 2678 laeiniem
536 2626 762 2690 ereheooiogimm,
774 2627 884 2690 pennum
894 2641 943 2676 nou
954 2643 1110 2692 purpureum
1119 2629 1165 2678 sed
1171 2627 1325 2692 pulvereum,

250 2734 282 2768 eu
305 2718 406 2769 criticae
431 2716 555 2766 facultatis
580 2713 703 2777 inopiam,
727 2729 804 2779 quum
829 2715 869 2765 vei
893 2715 921 2763 iu
945 2723 995 2764 tam
1019 2715 1151 2767 manifeste
1174 2718 1327 2782 etymologia

249 2806 345 2856 titubet.

282 2897 293 2930 ²
326 2898 380 2948 Ion.
397 2913 433 2946 vs.
451 2897 497 2945 661
516 2909 568 2958 sqq.
586 2893 688 2944 Xuthus
705 2893 741 2942 sie
756 2893 878 2957 loquitur:

365 2977 366 2982 ¹
471 2984 551 3034 Ἴωνα
567 2983 589 3034 d'
606 2983 722 3048 ὀνομάζω
740 3000 776 3044 σε,
794 2984 828 3048 τῇ
845 2982 910 3048 τύχῃ
928 2982 1035 3048 πρέπον,

477 3072 589 3124 ὁθούνεκ’
608 3072 710 3125 α’δύτων
723 3072 813 3129 ἐξιόντι
829 3091 872 3136 μοι
888 3072 945 3122 θεοῦ

476 3164 549 3229 ἴχνος
566 3162 682 3228 ξυνῆψας
699 3166 809 3228 πρῶτος.
849 3187 854 3198 ·

283 3257 315 3304 In
330 3255 377 3304 hue
392 3262 475 3302 tamen
492 3252 643 3302 derivatione
659 3258 696 3301 est
707 3266 751 3301 eur
764 3252 908 3310 connivess3
924 3250 1018 3300 seilicet
1031 3251 1084 3315 ipse
1093 3251 1177 3302 febuia
1186 3255 1216 3303 de
1226 3252 1328 3303 Phoebo

251 3343 366 3396 Xuthum
386 3343 488 3407 jubente
512 3350 541 3391 ut
567 3355 613 3405 pro
636 3341 689 3391 filio
713 3342 814 3404 adoptet
834 3340 877 3404 qui
897 3339 944 3388 sibi
960 3355 974 3390 e
990 3341 1084 3404 templo
1103 3342 1218 3392 redeunti
1234 3342 1329 3407 primus

251 3435 339 3484 obvius
362 3433 445 3491 fieret,
471 3431 510 3495 (ei.
536 3445 573 3480 vs.
596 3431 646 3481 tto
670 3431 746 3496 sqq),
773 3429 873 3480 videtur
897 3429 972 3479 fuisse
987 3432 1091 3481 conficte
1106 3432 1138 3482 ed
1155 3432 1328 3496 explicandum

251 3539 345 3574 nomeu
361 3523 436 3574 Ionis.
873 3571 876 3576 .

284 3611 294 3643 ¹
327 3611 422 3678 Hygin.
438 3611 485 3660 feb.
502 3611 525 3664 7.
536 3608 760 3658 -Velekenerius
777 3609 861 3658 Dietr.
877 3621 931 3674 esp.
947 3611 963 3661 7
980 3609 1011 3659 de
1028 3608 1141 3674 Antiope
1152 3609 1235 3660 fabule
1245 3625 1330 3674 egens,

252 3702 373 3761 mollem,
397 3701 490 3766 iuquit,
515 3699 554 3750 his
572 3699 671 3764 ineptiis
687 3698 796 3762 tragicus
812 3698 934 3748 eximium
951 3696 1014 3746 illud
1031 3711 1102 3748 suum
1119 3701 1205 3749 drame
1226 3702 1329 3751 dedeeo-
1414 3722 1418 3731 ·

204 3803 207 3810 ’
253 3795 372 3842 “resset''

286 3880 295 3912 ⁴
328 3880 436 3945 Etymol.
458 3893 542 3944 magn.
559 3893 618 3943 peg.
635 3879 675 3928 92.
693 3903 724 3914 -
740 3877 852 3928 Versum
868 3876 1045 3940 Aristophanis
1061 3876 1331 3928 eseeuudisThesmo·

253 3970 406 4034 phoriszusis
423 3969 524 4034 praebet
539 3969 634 4018 Pollux
650 3970 679 4028 9,
701 3967 747 4016 36:
1233 3955 1239 3968 ⁴

313 4059 442 4126 Ἀμφοδον
459 4060 536 4124 ἐχρῆν
553 4059 624 4123 αὐτῷ
640 4057 752 4108 τίθεσθαι
769 4058 881 4122 τοῦνομα
898 4056 990 4120 (Arist.
1007 4056 1097 4121 fragm.
1115 4057 1193 4108 Dind.
1208 4058 1276 4121 304).

286 4147 297 4182 ⁵
331 4147 470 4214 Μελέαγρε,
494 4145 589 4211 μελέαν
613 4145 661 4212 γάρ
690 4144 749 4195 ποτ’
774 4145 888 4211 α’γρεύιις
913 4146 1004 4211 ἄγραν.
1039 4147 1125 4211 Etym.
1154 4160 1238 4210 magn.
1258 4146 1285 4194 in
1307 4163 1331 4199 v.

255 4219 417 4300 Meleager
439 4236 539 4302 (fragm.
557 4235 634 4288 Dind.
650 4235 719 4299 521).
750 4235 806 4286 Ηοο
821 4240 988 4285 commentum
1005 4248 1037 4285 ue
1054 4235 1114 4299 ipsis
1130 4234 1231 4299 quidem
1250 4251 1332 4299 grem·

256 4327 353 4376 matieis
369 4327 451 4390 potuit
468 4327 576 4390 plaeere,
594 4333 656 4378 teste
671 4325 752 4376 Beki.
771 4326 865 4374 Aueed.
882 4339 939 4388 pag.
959 4324 1029 4373 1163.

288 4415 299 4448 ⁴
333 4415 423 4465 Troud.
442 4430 478 4465 vs.
497 4418 535 4465 lt.
994 4437 997 4444 Δ

1181 4509 1198 4569 G
1235 4595 1241 4606 .
