3222 5170
760 408 823 470 140
938 436 1031 452 -·

284 587 423 650 Cratinus
455 589 556 650 eadem
586 589 740 670 Euripidis
761 591 850 651 verba
870 591 978 653 lascive
998 592 1043 652 ita
1063 592 1205 654 reddidit:

402 685 526 751 πίνουσ’
548 685 601 751 ἀπ’
623 685 781 771 ἀγκύλης,
804 687 1032 770 ἐπονομάζονσ’
1058 687 1132 766 (ἀεὶ)

399 782 465 855 ῖησι
488 779 632 866 λάταγας
653 784 696 867 τῳ
717 778 877 868 Κορινθίῳ
897 785 968 846 πέει·

242 871 287 932 01.
309 871 452 936 Valcken.
475 874 572 935 Dialr.
594 894 623 954 p.
649 878 718 936 205.

974 957 1085 1020 (naga.
1103 958 1152 1010 eoa
1169 959 1259 1022 nine.)

280 1109 476 1188 Thesmoph.
498 1129 541 1170 vs.
567 1114 623 1168 411
647 1126 738 1188 sqqs

888 1201 990 1280 οὐδεὶς
1011 1209 1113 1291 γέρων

401 1309 510 1387 γαμεῖν
532 1298 613 1365 θίλει
634 1309 767 1386 γυναῖκα
790 1295 840 1366 διὰ
861 1298 981 1376 τούπος
1001 1296 1088 1365 rodi·

401 1393 570 1462 “dictumve
591 1396 654 1482 γὰρ
677 1398 803 1484 γέροντι
826 1400 946 1482 νυμφίῳ
969 1398 1082 1481 γυνύ·”

280 1490 371 1565 (Cum
390 1489 439 1550 his
459 1490 496 1550 cf.
519 1489 630 1550 llccles.
652 1509 696 1550 vs.
719 1492 803 1568 323.)

281 1585 326 1646 De
346 1585 411 1646 loco
432 1584 595 1665 Euripideo
614 1585 735 1647 uberius
754 1586 818 1665 egit
836 1586 979 1647 Valcken.
996 1586 1093 1648 Diatr.
1107 1606 1174 1666 pag.
1191 1592 1249 1649 272
1264 1607 1321 1668 sq.;

215 1686 284 1741 ·est
315 1680 517 1759 fragmentum
545 1699 560 1740 e
591 1679 754 1753 Phoenice,
787 1686 936 1741 servatum
968 1681 1048 1760 apud
1080 1681 1240 1743 Stobaenm
1272 1690 1320 1758 71,

240 1775 319 1855 quod
343 1775 423 1836 varie
449 1782 494 1836 est
514 1781 677 1846 mutatum
698 1775 918 1855 simplicissime
940 1776 1050 1855 legitur
1067 1795 1084 1836 a
1104 1777 1320 1839 Boissonnadio

243 1875 272 1931 et
295 1871 373 1932 aliis:

401 1965 569 2054 μοχθηρόν
592 1969 675 2031 ἐστιν
697 1962 788 2053 ἀνδρὶ
810 1963 974 2054 πρεσβύτῃ
994 1969 1084 2032 τέκνα

401 2059 529 2129 δίδωσιν
549 2065 637 2135 ὅστις
659 2054 759 2126 ούιιίθ
783 2062 886 2148 ὡραίῳ
907 2069 1030 2147 γαμεῖν·

401 2154 550 2224 δέσποινα
571 2159 634 2244 γὰρ
657 2159 781 2243 γέροντι
805 2162 926 2243 νυμφίῳ
948 2163 1041 2244 γυνή·

259 2251 378 2328 Wagn·:
399 2249 565 2338 μοχθηρὸν
585 2250 610 2316 εί
630 2279 678 2326 τις
698 2251 727 2316 d·
750 2279 782 2315 u·
805 2279 831 2314 τ.

399 2342 543 2420 δίδωσιν,
566 2347 663 2432 ὅσπερ
686 2343 787 2410 οὐκέθ’
811 2348 925 2432 ὡραῖος
946 2358 1065 2432 γαμεῖν·

400 2437 427 2506 d·
450 2443 507 2506 κτί·

965 2522 1080 2587 (sagn.
1096 2524 1143 2573 801
1162 2525 1252 2588 Dind.)

277 2599 407 2660 Omnino
435 2619 504 2661 cum
525 2599 579 2660 hoc
601 2601 665 2660 loco
686 2599 918 2679 comparandum
939 2601 1150 2682 Aiislophanis
1170 2605 1318 2683 fragmen-

239 2700 305 2754 tum
326 2700 384 2757 497
408 2695 512 2756 Dind.:

398 2794 533 2879 αἰσχρὸν
553 2793 608 2876 ,νέᾳ
630 2797 751 2878 γυναικὶ
776 2791 960 2880 πρεσβύτης
982 2795 1077 2882 ἁνήρ,

237 2903 326 2962 quem
345 2905 462 2947 versum
483 2885 520 2945 ab
542 2885 687 2964 Euripide
707 2891 863 2947 muluatus
884 2893 946 2960 est,
967 2886 1060 2966 hujus
1081 2889 1161 2950 enim
1177 2909 1212 2950 ex
1224 2889 1317 2950 Phoe-

207 2988 209 2993 '
236 2980 302 3041 nice
333 2988 362 3041 et
394 2981 496 3041 Dana&
527 2981 585 3041 loci
616 2999 633 3040 a
664 2980 790 3042 scobaeo
822 2981 934 3042 ibidem
961 2984 1070 3044 servati
1095 2984 1179 3057 sunl,
1202 2985 1254 3046 nbi
1275 2986 1317 3046 sic

237 3075 402 3152 legebatur:

396 3175 508 3259 πικρὸν
530 3175 584 3256 υίρ
604 3170 728 3256 γυναικί
750 3169 935 3260 πρεσβύτης
957 3173 1048 3261 ἁνήρ.
1074 3208 1115 3221 -·

396 3271 520 3353 γυναικί
541 3269 566 3330 τ’
588 3264 706 3354 ἐχθρὸν
729 3277 833 3354 χρῆμα
855 3264 1041 3354 πρεσβύτης
1063 3268 1152 3359 ἁνήρ.

808 3361 809 3366 ’
857 3361 969 3426 (Fragm.
987 3363 1038 3412 804
1054 3377 1080 3414 aa
1094 3366 1145 3416 819
1161 3365 1248 3428 Dind.)

277 3536 362 3602 lbid.
384 3557 425 3598 vs.
449 3543 507 3598 518
528 3556 573 3616 sq.
606 3537 822 3611 Mnesilochus,
853 3539 908 3598 sub
939 3540 1074 3600 mulieris
1101 3540 1196 3619 specie
1228 3541 1314 3600 Euri·

236 3633 335 3714 pidem
356 3632 529 3705 defendens,
553 3633 595 3694 sic
615 3635 781 3694 orationem
801 3633 965 3695 concludit:

559 3727 623 3814 κᾷτ’
646 3726 799 3817 Εὐριπίδῃ
823 3726 1014 3813 θυμούμεθα,

396 3820 488 3889 οὐδὲν
509 3821 664 3888 παθοῦσαι
684 3823 791 3907 μεῖζον
812 3821 831 3898 ἢ
853 3820 1054 3911 θεδρύκαμεν5

236 3937 311 3996 quae
340 3918 472 3979 scholion
499 3916 572 3977 dicit
601 3917 800 3978 imitationem
826 3937 887 3978 esse
913 3917 1017 3979 horum
1043 3940 1060 3980 c
1089 3920 1221 4000 Telepho
1250 3941 1312 3983 ver·

237 4013 354 4074 borum:

689 4109 752 4172 εἶτα
774 4105 811 4184 δὴ
834 4108 1027 4193 θυμούμεθα,

397 4203 552 4279 παθόντες
572 4200 662 4270 οὐδὲν
683 4203 789 4287 μεῖζον
811 4204 829 4279 ἢ
853 4201 1047 4292 &Sponsum

966 4300 1077 4364 (Fragm.
1095 4303 1144 4354 712
1160 4301 1247 4365 Dind.)

277 4465 358 4528 lbid.
380 4483 421 4522 vs.
445 4466 503 4524 574
525 4480 587 4542 sqq.
611 4461 685 4540 quin
706 4462 833 4541 aliquam
856 4461 1027 4522 contineant
1046 4461 1199 4542 parodiam
1210 4465 1311 4528 nullus
