3222 5170
716 391 722 404 ·
758 382 805 475 'ar

249 565 424 630 nonnullos
460 572 726 632 commemoratos
762 565 903 630 vidimus
938 565 1008 629 loco
1045 564 1144 629 allato
1160 573 1189 647 ¹,
1222 564 1320 628 etiam

249 679 283 742 in
317 677 451 744 servatis
485 678 651 763 Euripidis
680 678 800 744 fabulis
823 677 931 762 plures
959 697 1111 762 personas
1135 677 1319 742 invenimus

250 813 329 877 quas
353 790 494 856 externis
518 809 645 875 quoque
665 792 817 857 adversae
838 789 987 854 fortunae
999 788 1102 874 signis
1120 788 1321 852 miserationi

249 902 475 969 commendare
509 901 614 967 voluit
648 881 751 987 poeta
795 903 844 966 De
878 880 1020 966 Menelai
1047 900 1176 965 sordido
1199 900 1321 967 vestitu

249 1021 283 1084 in
318 1019 446 1083 Helena
480 1017 610 1101 saepius
636 1039 741 1083 sermo
765 1017 804 1082 fit
818 1019 847 1095 ²3
872 1037 976 1102 neque
1000 1015 1131 1080 Electra
1154 1016 1187 1079 in
1212 1014 1322 1080 fabula

249 1129 435 1216 cognomini
450 1128 556 1193 multo
576 1130 712 1193 comtior
724 1129 833 1214 prodit
843 1131 863 1193 ³.
891 1129 930 1194 In
944 1127 1067 1194 Orestis
1078 1127 1173 1192 initio
1188 1133 1322 1213 apparet
1342 1191 1345 1194 .

249 1247 341 1310 heros
365 1251 433 1308 tam
456 1240 604 1306 horridus
628 1246 781 1326 aspectu,
806 1248 931 1306 utnon
955 1241 1060 1326 possit
1082 1240 1194 1325 pejus,
1212 1262 1321 1305 comae

249 1358 410 1444 squallore
433 1361 466 1420 et
488 1353 654 1419 oculorum
678 1355 805 1440 orisque
821 1355 933 1420 illuvie
949 1354 1147 1420 testantibus
1159 1361 1321 1419 recentem

249 1471 391 1536 furorem
414 1469 500 1534 unde
524 1469 620 1534 modo
631 1470 770 1554 resipuit
781 1473 804 1536 ⁴.
829 1469 994 1534 Pentheus
1007 1468 1181 1534 Maenadas
1193 1469 1320 1534 visums

250 1582 424 1666 στολισμὸν
459 1581 568 1646 induit
605 1604 678 1648 vere
712 1583 944 1668 Euripideum,
988 1582 1162 1647 muliebres
1205 1602 1322 1666 nempe

250 1701 357 1762 vestes
373 1698 395 1760 ⁵.
423 1695 475 1762 Sic
499 1717 594 1780 saepe
617 1712 698 1782 quae
722 1697 763 1762 ad
786 1696 936 1762 habitum
949 1703 993 1762 ¹et
1015 1696 1141 1762 cultum
1156 1695 1322 1780 pertinent

250 1807 396 1895 aliasque
432 1809 466 1875 id
498 1831 601 1896 genus
635 1810 790 1876 minutias
817 1811 852 1874 in
875 1832 972 1877 usum
995 1815 1105 1893 vocat,
1130 1831 1194 1895 quo
1216 1810 1321 1894 magis

250 1927 366 2008 tangat
401 1923 592 2007 spectatoris
625 1923 779 1989 animum.
830 1924 996 2004 Quatenus
1030 1925 1090 1989 hoo
1120 1923 1191 1989 fieri
1213 1922 1322 2009 potuit

251 2034 342 2099 salva
376 2056 489 2100 scenae
524 2035 702 2120 dignitate,
738 2037 887 2122 equidem
922 2037 1060 2103 landabo
1092 2037 1320 2122 potiusquam

250 2147 406 2232 culpabo;
431 2150 516 2233 quod
540 2149 681 2233 exempli
703 2151 811 2235 gratia
834 2151 969 2233 Peleus,
993 2150 1236 2224 Andromaches
1248 2137 1320 2214 vin-

251 2260 324 2325 oula
358 2259 504 2345 solvens,
541 2284 614 2326 eum
651 2263 798 2329 Menelao
833 2265 1019 2352 expostulat
1055 2264 1094 2330 de
1129 2255 1224 2328 nodis
1253 2268 1320 2328 tam
1396 2333 1399 2340 Ι

251 2379 337 2439 arcte
371 2373 535 2440 adstrictis
569 2382 608 2442 ut
636 2377 771 2443 miserae
799 2379 945 2444 mulieris
969 2401 1085 2444 manus
1109 2381 1274 2442 tumerent
1291 2381 1320 2458 ⁶,

251 2506 317 2551 non
351 2487 494 2552 multum
528 2509 606 2558 saue
628 2489 727 2555 habet
756 2491 928 2577 gravitatis
952 2513 1026 2556 oum
1048 2491 1084 2555 in
1107 2491 1209 2576 ipsius
1234 2489 1321 2556 vitae

251 2600 438 2666 discrimine
462 2607 607 2678 versetur
629 2603 871 2687 Andromache,
897 2605 954 2670 sed
976 2604 1111 2670 minime
1134 2611 1243 2670 tamen
1272 2609 1322 2669 est

224 2727 229 2738 '
250 2735 503 2799 supervacuum,
534 2736 636 2800 quum
666 2717 743 2782 haec
768 2717 910 2782 Menelai
932 2717 1060 2782 inutilis
1084 2717 1233 2800 saevitia,
1256 2716 1319 2781 im-

251 2828 370 2906 bellem
389 2829 558 2896 mulierem
579 2829 762 2913 omoiantis,
783 2830 886 2896 obiter
898 2835 1148 2895 commemorata
1163 2829 1321 2896 efficacius

284 3069 524 3119 ¹Acmmuosoru1n
547 3069 651 3120 heroum
676 3070 865 3132 Euripideorum
890 3073 1027 3137 catalogum
1049 3073 1133 3121 videre
1154 3081 1191 3120 est
1208 3073 1281 3122 etiam
1298 3073 1323 3120 in

252 3160 392 3223 fragmento
408 3174 441 3208 ex
458 3160 576 3210 Timoolis
592 3159 778 3222 Dionysiazusis
789 3170 886 3209 servato
894 3161 959 3224 apud
969 3161 1135 3222 Athenaeum,
1143 3163 1192 3222 VI,
1201 3179 1257 3227 pag.
1266 3165 1323 3213 223.

284 3246 438 3298 ²Meneuus
463 3257 513 3298 tam
538 3249 648 3312 squalida
663 3258 731 3298 veste
752 3258 855 3312 apparet
871 3260 898 3299 ut
914 3251 945 3299 ab
961 3251 1057 3300 Helena
1074 3267 1119 3316 pro
1136 3255 1258 3316 praedone
1276 3255 1323 3302 ha-

252 3344 343 3392 bautur.
377 3344 423 3392 Vs.
441 3343 497 3394 561:

479 3433 519 3482 sul
536 3434 587 3496 μὴν
604 3431 699 3491 στολήν
716 3431 738 3496 γ’
756 3434 870 3498 ἄμορφον
887 3435 948 3498 ἀμφὶ
966 3434 1026 3499 σῶμ’
1043 3437 1116 3499 ἔχεις.

284 3523 341 3584 Ipse
358 3523 389 3570 ds
406 3535 432 3569 se
451 3521 578 3571 Menelaus
596 3536 632 3569 vs.
651 3521 725 3572 rost:

480 3611 520 3658 καὶ
538 3612 589 3675 μὴν
607 3610 659 3660 τάδ’
677 3610 856 3678 ἀμφίβληστρα
873 3614 989 3677 σώματος
1007 3612 1070 3677 ῥάκη

480 3699 678 3766 ξυμμαρτυρήσει
693 3705 818 3750 υαυνικῶν
834 3701 957 3764 ἐρειπίων.
984 3723 985 3728 ’

287 3789 487 3852 Theoclymenus
502 3790 532 3838 de
549 3791 635 3838 eodem
651 3805 687 3840 vs.
707 3790 780 3840 1220:

477 3877 619 3942 Ἀπολλον,
638 3881 671 3938 ὡς
688 3881 771 3941 ἐσθῆτι
789 3881 920 3946 δυσμόρφῳ
938 3882 1034 3944 πρέπει.

288 3969 413 4018 ἌΕΙθυῐυυ
437 3967 511 4016 habet
536 3970 648 4032 πιναρὰν
669 3969 748 4033 κόμαν
768 3971 807 4018 καὶ
826 3969 931 4019 πέπλων
948 3971 1027 4036 τρύχη
1045 3972 1091 4032 (vs.
1112 3973 1158 4022 184
1175 3975 1229 4036 eq).
1253 3973 1326 4024 conf.

255 4061 331 4110 eriam
347 4074 382 4108 vs.
400 4059 449 4108 3⁰4
465 4073 500 4122 sq.
517 4058 648 4109 -.Senex
665 4074 760 4124 quoque
773 4061 864 4124 τροφός
879 4069 962 4108 movet
970 4068 1132 4124 spectatorum
1141 4062 1325 4112 miserationem

255 4151 339 4215 τρύχει
355 4148 462 4198 πέπλων
479 4149 526 4210 (vs.
542 4149 615 4212 501),
631 4151 744 4198 dominae
761 4149 848 4199 similis
865 4164 926 4212 crgo
943 4150 1062 4200 minister.

289 4240 299 4272 ⁴
317 4240 398 4292 Orest.
415 4252 453 4287 vs.
468 4240 517 4288 219
533 4253 585 4302 sqq.

251 4369 254 4374 .
290 4329 405 4379 ⁵Bacch.
422 4343 459 4376 vs.
477 4329 525 4382 ⁸27
542 4344 593 4392 sqq.

289 4420 298 4450 ⁶
316 4418 484 4470 Andromach.
501 4433 535 4468 vs.
553 4420 602 4471 719
619 4433 654 4481 sq.
