3222 5170
774 403 834 465 109

268 586 452 651 libertabem
485 587 622 651 antehae
659 585 861 672 incognitam
893 585 956 650 sibi
989 584 1143 668 asseruit,
1169 585 1342 671 stratisque

269 699 330 764 viis
351 697 452 763 relict
429 703 471 763 trs
494 719 594 763 noves
616 698 691 782 rhyt
678 698 762 764 thmi
784 698 903 763 formas
925 698 1048 784 fingere
1074 719 1247 784 aggressus
1272 704 1342 780 est,

270 811 326 876 sed
347 811 461 876 avibus
482 833 599 896 perum
623 810 782 876 secundis
822 811 916 876 Oant‘
893 814 957 876 tres
979 810 1049 896 ejus
1072 833 1113 876 ex
1137 810 1244 894 parvis
1271 831 1342 874 ver-

269 923 380 990 siculis
411 931 563 989 constent
581 897 783 1008 ¹,brevium
806 925 998 1010 plerumque
1022 924 1221 1009 syllabarum
1244 921 1342 988 refer
1328 961 1349 973 ι

269 1037 380 1120 tis²,e
383 1035 562 1122 ttfrequen
563 1059 596 1102 es
613 1043 681 1102 met
682 1059 791 1103 rorum
806 1042 956 1122 permuta
958 1036 1062 1104 tiones
1081 1038 1267 1116 eontinent3
1285 1060 1343 1103 nec

188 1231 192 1244 „
269 1149 378 1215 minus
416 1151 450 1214 in
487 1151 691 1248 dimensione
730 1150 935 1236 singulorum
969 1157 1145 1216 metrorum
1180 1151 1345 1217 interdum

269 1271 403 1348 apparet
435 1266 518 1330 mire
553 1264 766 1350 licentiaeque
802 1265 909 1330 vicine
941 1263 1079 1330 varietus
1112 1285 1343 1347 numerorum,

269 1383 307 1442 ut
344 1377 378 1441 in
413 1376 471 1442 illo
509 1399 593 1442 novo
623 1378 787 1443 schemate
822 1400 933 1444 versus
965 1377 1115 1465 glyconei
1152 1377 1239 1463 quod
1260 1379 1342 1444 Renss

270 1512 316 1555 vs.
356 1493 440 1556 1322
476 1490 517 1556 eb
549 1490 711 1576 Aeschylo
745 1492 954 1578 excerpitur³
980 1498 1012 1557 et
1033 1490 1135 1556 veluti
1157 1477 1345 1574 portentum

271 1603 417 1687 Dionyso
440 1605 622 1670 notandum
645 1605 845 1692 designatur.

303 1777 311 1808 ¹
328 1778 443 1828 Brevitas
468 1785 493 1828 et
516 1779 605 1828 levites
620 1780 647 1828 in
662 1780 787 1845 rhythmis
807 1781 908 1830 comites
925 1780 962 1830 ire
979 1781 1067 1830 solent.
1102 1780 1244 1844 Aeschylus
1260 1789 1348 1830 contre

269 1869 419 1932 longissimis
435 1869 522 1917 metris
538 1871 676 1933 gaudebat,
690 1873 813 1920 deducens
832 1870 927 1920 centics
943 1875 1101 1936 σχοινοτενῆ,
1118 1877 1214 1920 ututur
1228 1870 1347 1919 vocabulo

270 1958 404 2007 Pindarico
423 1957 523 2022 (fragm.
539 1959 634 2023 dithyr.
649 1961 701 2023 ob).

303 2044 481 2097 ²Creberrimi
506 2061 528 2095 e.
552 2062 578 2111 g.
602 2049 667 2111 apud
691 2062 748 2096 eum
765 2055 823 2098 sunt
840 2063 926 2098 versus
942 2047 1080 2098 dochmiuci
1097 2049 1122 2096 in
1139 2061 1221 2116 meree
1238 2047 1346 2111 syllabus

270 2136 360 2184 breves
385 2135 471 2195 soluti;
497 2136 559 2185 duos
584 2136 650 2186 locos
671 2135 801 2200 subjiciam
820 2138 845 2186 in
862 2140 951 2202 quibus
968 2139 1108 2203 complures
1125 2137 1244 2202 ejusmodi
1261 2152 1348 2187 versus

271 2224 385 2288 deinceps
402 2225 531 2288 leguntur:

304 2313 439 2364 Orestes.
458 2315 503 2364 149
521 2329 587 2379 sqq.:

627 2407 719 2472 κάταγε
737 2407 830 2472 κάταγε
848 2406 944 2470 πρόσιθ’

627 2495 750 2560 ἀτρέμας,
769 2495 880 2560 ἀτρέμας
895 2497 941 2544 ἴθι.

626 2586 705 2652 λόγον
721 2586 820 2644 ἀπόδος
837 2585 872 2650 ἐφ’
890 2585 904 2634 ὅ
922 2605 945 2634 τι

627 2676 701 2742 χρέος
717 2675 817 2742 ἐμόλετέ
836 2695 907 2726 ποτε.

627 2766 716 2831 χρόνια
734 2767 782 2832 γὰρ
801 2764 885 2815 πεσὼν

630 2851 665 2902 ὅδ’
683 2853 821 2910 εὐνάζεται.

305 2941 402 3004 Quibus
418 2956 506 2993 versus
523 2944 673 3007 respondent
691 2944 738 2992 162
754 2956 817 3006 squ:

627 3031 712 3090 ἄδικος
730 3029 804 3080 ἄδικα
820 3031 872 3080 τότ’
889 3029 927 3094 ἄρ’

628 3122 717 3170 ἔλακεν
734 3120 822 3170 ἔλακεν
839 3120 909 3169 ἀπό-

628 3219 708 3273 φονον
724 3208 763 3258 ὅτ’
780 3208 821 3258 ἐπὶ
838 3207 938 3273 τρίποδι

630 3297 733 3358 θὲμιδος
750 3295 788 3362 ἄρ’
806 3296 902 3346 ἐδίκασε

628 3391 709 3450 φόνον
725 3385 739 3434 ὁ
756 3386 848 3443 Λοξίας

629 3477 691 3540 ἐμᾶς
705 3474 823 3540 ματέρος.

306 3566 396 3616 Helen.
413 3579 449 3616 vs.
467 3566 516 3615 tet
532 3580 592 3628 sqq„
609 3577 685 3622 unum
701 3563 845 3628 productam
866 3562 987 3627 syllabam
1003 3562 1025 3611 si
1041 3563 1167 3627 excipies,
1182 3577 1231 3612 una
1247 3571 1273 3614 et
1293 3581 1350 3628 que-

273 3655 387 3719 dreginte
401 3656 488 3705 breves
505 3654 694 3703 continuentur:
1122 3688 1128 3718 ⁸

630 3744 671 3807 ἐμὲ
688 3741 714 3791 δὲ
732 3741 854 3807 πατρίδος
872 3742 924 3790 ἄπο

628 3836 792 3896 κακόποτμον
809 3830 904 3894 ἀραίαν

630 3921 706 3984 ἔβαλε
724 3920 779 3979 θεὸς
796 3918 850 3968 ἀπό
867 3937 892 3968 τε

630 4011 724 4068 πόλεος
740 4007 795 4058 α’πό
812 4025 838 4056 τε
855 4007 938 4070 σέθεν,

632 4097 674 4147 ὅτε
689 4096 803 4162 μέλαθρα
819 4093 895 4159 λέχεά
913 4094 934 4144 τ’

630 4189 721 4237 ἔλιπον
738 4186 768 4236 οὐ
785 4183 889 4233 λιποῦσ’

633 4273 671 4324 ἐπ’
688 4274 802 4340 αἰσχροῖς
819 4273 919 4340 γάμοις.

307 4370 421 4419 Fortasse
446 4368 493 4416 hnc
518 4365 626 4431 pertinet
650 4364 802 4429 Thesmoph.
819 4377 855 4412 vs.
872 4363 921 4412 913
937 4377 980 4426 ιο,
997 4363 1027 4412 cf.
1045 4362 1110 4412 infra
1126 4363 1152 4412 in
1169 4363 1248 4416 Cetei.
1265 4371 1349 4430 pared.

307 4458 318 4491 ³
335 4456 473 4523 Περίβαλλ’
498 4457 516 4504 ὦ
542 4454 629 4505 τέκνον
647 4453 757 4517 ὠλένας,
769 4460 803 4503 -nt
818 4467 865 4518 pro
881 4453 945 4513 basi,
962 4453 1076 4516 legitime
1092 4452 1153 4502 binis
1170 4453 1271 4517 syllabis
1288 4471 1348 4506 oon-
