3216 5154
805 419 847 478 22

291 603 426 669 sentiret
448 625 511 666 non
533 604 642 686 palam
666 623 766 668 ausus·
788 608 838 667 est
858 603 1042 686 ostendere,
1071 602 1126 666 sed
1143 603 1360 686 praeceptoris

290 717 505 801 Anaxagorae
516 717 702 781 calamitate
713 715 876 798 monitus,
891 715 1018 780 cantius
1030 737 1104 780 suas
1117 716 1157 780 de
1169 715 1264 780 rebus
1277 715 1361 779 divi-

206 863 209 884 ι
291 830 342 895 nis
359 829 526 914 opiniones
541 829 673 911 velavit,
684 852 742 894 nec
756 831 819 894 nisi
831 829 946 895 furtim
956 835 989 893 et
999 850 1055 914 per
1063 829 1216 914 ambages
1225 827 1362 893 subinde

193 1022 195 1026 Ι
272 943 451 1036 expressit
462 943 482 1007 ¹.
522 943 607 1008 Deos
631 943 705 1007 illos
729 965 809 1028 quos
832 942 1061 1008 contemnebat
1072 949 1130 1008 aut
1140 942 1255 1007 saltem
1266 941 1363 1026 plane

237 1057 239 1064 ’
291 1055 383 1138 alios,
401 1076 499 1140 quam
510 1055 635 1120 solebat
648 1055 777 1140 vulgus
790 1055 853 1120 sibi
866 1055 1046 1140 cogitabat,
1063 1055 1097 1118 in
1107 1054 1282 1139 tragoediis
1295 1053 1363 1118 suis

291 1169 386 1252 plane
412 1166 492 1231 tales
517 1166 666 1232 exhibuit
687 1165 798 1252 quales
815 1167 980 1252 popularis
993 1166 1362 1252 mythologiadepinge-
1383 1151 1384 1154 Ἴ

290 1281 348 1344 bat
359 1281 380 1343 ².
407 1280 508 1369 Fecit
524 1281 624 1365 igitur
648 1279 681 1343 id
702 1281 788 1365 quod
801 1279 835 1343 in
848 1280 943 1345 rebus
956 1279 1145 1365 theologicis
1158 1301 1223 1344 non
1235 1279 1364 1344 iterare

292 1406 402 1463 nostra
434 1419 561 1483 quoque
592 1404 697 1463 aetate
728 1397 798 1462 fieri
822 1397 988 1462 videmus:
1015 1419 1140 1462 servare
1164 1405 1197 1461 et
1219 1397 1364 1462 venerari

292 1511 461 1576 videbatur
495 1509 586 1591 aliis,
621 1515 655 1574 et
684 1510 749 1605 sibi
782 1510 845 1594 ipsi
881 1510 1036 1591 fortasse,
1062 1531 1143 1595 quae
1165 1532 1276 1574 revera
1300 1531 1364 1574 non

292 1625 383 1689 tlocci
416 1623 593 1709 pendebat3
628 1631 661 1688 et
692 1625 752 1688 hac
776 1624 907 1708 quidem
932 1623 966 1686 in
990 1632 1100 1708 parte,
1130 1646 1204 1688 cum
1228 1625 1365 1688 caruerit

292 1740 429 1814 candore
464 1745 497 1803 et
534 1739 649 1804 falsam
686 1737 849 1824 quandam
885 1738 1025 1822 speciem
1057 1760 1133 1823 prae
1164 1761 1198 1802 se
1235 1739 1363 1820 tulerit,

294 1853 374 1916 mihi
404 1853 532 1917 videtur
564 1852 765 1937 culpandus,
798 1851 1004 1936 caeteroquin
1028 1851 1124 1917 iaeile
1147 1874 1187 1917 ex
1211 1853 1365 1917 hodierna

293 1965 463 2050 cogitandi
482 1964 607 2029 ratione
630 1963 847 2029 absolvendus
872 1963 1068 2048 impietatis,
1094 1965 1180 2050 quod
1200 1987 1266 2030 non
1286 1967 1365 2030 satis

293 2080 414 2143 veritus
448 2078 492 2142 sit
526 2078 748 2166 olyrnpicolas
769 2078 932 2161 crudeles,
964 2079 1124 2162 impuros,
1150 2081 1363 2166 impotentes,

295 2192 407 2276 quales
431 2215 451 2256 a
476 2186 608 2258 Graecis
633 2191 859 2256 adorabantur.
1259 2197 1267 2208 ’“

339 2306 472 2370 Etenim
495 2328 596 2390 quum
609 2328 736 2390 semper
747 2305 960 2389 improbanda
973 2306 1090 2372 sit‘illa
1106 2308 1208 2372 animi
1224 2308 1366 2373 conditio
1415 2367 1421 2384 ‚

294 2441 358 2502 qua
381 2419 477 2482 homo
502 2418 580 2503 quid
605 2418 685 2482 velit
708 2424 741 2483 et
765 2440 827 2503 quo
851 2419 965 2484 tendat
988 2420 1099 2484 haeret
1124 2421 1283 2503 incertus,
1308 2444 1365 2486 ceu

296 2532 400 2597 viator
423 2532 456 2596 in
481 2532 576 2597 trivio
601 2532 755 2596 dubitans
780 2554 844 2616 qua
867 2533 984 2596 semita
1007 2533 1068 2596 sibi
1093 2535 1136 2598 sit
1154 2535 1366 2618 pergendum,

295 2654 366 2711 tunt
399 2647 551 2732 Euripidi
586 2645 735 2730 inprimis
775 2645 955 2729 perniciosa
985 2646 1066 2727 fuit,
1098 2653 1229 2732 proptor
1262 2669 1366 2732 genus

295 2783 426 2845 poeseos
459 2762 545 2847 quod
574 2761 637 2825 sibi
662 2760 804 2844 elegerat
831 2758 1053 2824 excolendum.
1106 2759 1176 2824 Hoc
1199 2759 1367 2844 aliquanto

295 2876 425 2940 uberius
458 2897 616 2960 exponere
649 2875 689 2938 ab
723 2878 915 2958 argumento
950 2872 1046 2956 hujus
1072 2872 1256 2968 scriptionis
1280 2872 1367 2936 haud

295 2988 439 3052 alienum
463 2989 553 3053 duce.
596 2987 723 3070 Quippe
748 3007 847 3070 quum
872 2985 1107 3070 Aristophanes
1121 2994 1153 3050 et
1166 2986 1368 3071 impietatem

297 3101 463 3186 Euripidis
489 3107 522 3172 et
545 3101 614 3186 ejus
639 3099 799 3164 rationem
813 3099 995 3184 tragoedias
1008 3098 1148 3163 faciendi
1162 3100 1367 3184 vituperarit,

287 3235 360 3276 ,non
384 3214 494 3278 audax
515 3213 595 3277 mihi
619 3213 746 3277 videtur
769 3211 972 3296 conjectura,
998 3212 1156 3277 comicum
1169 3213 1285 3294 illum,
1302 3233 1367 3276 non

296 3326 404 3390 minus
429 3325 592 3390 oculatum
617 3347 714 3411 quarn
738 3324 887 3389 hodierni
905 3325 1154 3407 sunthotnines,
1168 3326 1369 3411 perspexisse

277 3599 289 3658 Ι·
328 3583 335 3614 ¹
371 3585 522 3648 “Euripides
547 3587 597 3634 und
620 3587 787 3651 Anaxagoras
805 3587 953 3650 verknupfte
970 3590 1013 3636 das
1032 3589 1103 3638 Band
1121 3589 1191 3639 einer
1209 3587 1370 3650 Philosophia

295 3674 408 3724 “welche
425 3675 540 3738 geiichtet
556 3677 606 3723 und
627 3676 774 3725 schtiehtern
792 3677 831 3725 ihr
848 3677 1006 3726 Geheimniss
1024 3692 1068 3726 vor
1085 3678 1143 3725 dem
1160 3677 1369 3740 argwiihnischan

293 3762 380 3811 “Volk
398 3763 549 3813 bewahrte.''
566 3764 660 3813 Bernh.
678 3766 704 3814 ll.
723 3781 780 3830 pag.
799 3769 856 3816 401.

324 3853 334 3884 2
369 3852 475 3902 Nullum
501 3854 613 3916 profecto
639 3856 721 3903 minus
739 3865 882 3906 reverenter
899 3873 974 3920 quam
992 3857 1129 3906 Herculem
1146 3858 1276 3915 tractavit,
1293 3871 1369 3920 quem

192 4008 195 4013 1
293 3945 317 3992 in
344 3943 473 3993 Alcestide
499 3945 647 3994 offendimus
673 3948 808 3997 voracitate
834 3947 958 4011 insignem
985 3955 1009 3995 et
1027 3957 1080 4009 post
1096 3948 1182 3996 crebra
1199 3948 1289 4009 pocula
1301 3947 1370 4010 justo

294 4035 449 4093 hilariorem
476 4037 503 4084 in
528 4035 604 4100 Syleo
625 4051 728 4100 quoque
743 4039 865 4087 Hercules
883 4042 937 4096 τοῖς
954 4038 1048 4099 βοείοις
1066 4039 1153 4101 χλωρὰ
1170 4037 1223 4086 σῦκ’
1241 4035 1368 4095 ἐπήσθιεν,

294 4123 383 4188 clpouc'
401 4125 530 4187 ὑλακτῶν,
548 4125 600 4188 (vd.
619 4128 737 4190 Moynelr.
756 4129 847 4176 Exere.
864 4126 932 4174 Phil.
950 4128 964 4175 Ι
982 4141 1039 4189 pag.
1057 4128 1090 4175 22
1107 4140 1151 4188 sq„
1163 4127 1300 4192 adAtben.
1316 4123 1372 4175 VII

293 4228 351 4275 pag.
373 4217 422 4266 276
441 4214 469 4277 f)
486 4214 536 4264 Sed
553 4232 628 4279 quum
647 4216 756 4266 Alcestis
781 4217 836 4265 loco
854 4216 955 4278 satyrici
973 4217 1029 4264 data
1046 4215 1078 4264 sit
1097 4215 1170 4277 (conf.
1190 4232 1263 4278 supra
1280 4216 1336 4265 adn.
1357 4217 1367 4264 l

294 4302 325 4349 ad
351 4319 405 4367 pag.
432 4307 466 4366 5),
492 4305 580 4368 Syleiis
598 4321 665 4355 raro
689 4306 742 4356 sine
769 4306 843 4355 dubio
874 4307 1009 4369 satyricum
1035 4308 1122 4354 drama
1148 4306 1234 4362 fuerit,
1264 4304 1371 4353 hicnon

293 4393 380 4453 tragici
405 4394 511 4442 canones
536 4403 600 4443 sunt
616 4396 747 4444 adhibendi
775 4411 852 4459 neque
874 4395 904 4443 de
929 4398 1031 4444 deornm
1055 4402 1181 4444 contemtu
1198 4395 1304 4444 nimium
1323 4393 1369 4442 erit

293 4483 454 4546 querendum.
