3222 5170
773 428 835 489 126

308 609 346 668 In
376 609 431 669 hoo
458 628 545 670 versu
565 610 655 670 schol.
678 612 812 699 agnoscit
833 610 1033 669 imitationem
1053 609 1111 668 loci
1133 627 1167 668 ex
1189 608 1341 686 Euripidis

268 704 409 783 Telepho:

426 806 456 865 τί
478 799 513 873 δ’,
538 803 561 866 ὦ
583 802 696 876 τήλας;
722 805 759 866 σὺ
780 799 857 887 τῷδε
880 798 1039 866 πείθεσθαί
1059 829 1094 881 με
1116 800 1191 886 hp&

994 895 1105 956 (araga.
1124 895 1173 945 714
1190 893 1277 950 nino.)

309 1008 446 1072 hohern.
468 1029 510 1069 vs.
532 1013 603 1070 471:

801 1139 802 1144 ¹
870 1109 917 1169 καὶ
940 1105 1003 1190 γάρ
1025 1105 1079 1184 εἶμ’
1101 1103 1183 1188 ἄγαν

430 1198 588 1286 ὀχληρός,
610 1201 648 1263 οὐ
671 1196 773 1264 δοκῶν
793 1228 828 1282 με
851 1200 1018 1284 κοιράνους
1041 1208 1176 1282 στυγεῖν·

310 1293 418 1352 Schola
441 1294 569 1375 ἀσήμως
590 1291 807 1379 πεπαρῴδηται
829 1311 863 1352 ex
885 1292 982 1352 Oeneo
1004 1291 1163 1371 Euripidis.

996 1388 1108 1451 (Fragm.
1126 1389 1175 1440 572
1191 1387 1278 1448 Dind.)

310 1500 392 1564 itio.
414 1519 456 1560 vs.
477 1504 548 1560 479:

591 1595 663 1680 κλῇε
685 1598 785 1671 πηκτὰ
808 1595 968 1679 δωμάτων·

311 1688 377 1748 Ηοο
408 1687 628 1748 hemistichium
660 1689 783 1749 fortasse
815 1689 1022 1750 adumbratum
1053 1697 1098 1751 est
1130 1690 1167 1750 ad
1193 1689 1345 1768 Euripidis

270 1803 387 1845 versum
403 1789 551 1844 serratum
570 1783 648 1862 apud
665 1783 815 1844 Pollucem
827 1785 882 1844 On.
894 1785 924 1846 X
936 1791 987 1846 27:
999 1785 1170 1872 λῦεπακτὰ
1183 1785 1345 1869 δωμάτωνε

270 1899 345 1958 quae
365 1880 468 1951 verba,
485 1885 520 1939 ut
537 1880 628 1938 etiam
642 1879 771 1939 Acharn.
786 1899 829 1940 vs.
846 1884 904 1940 449
922 1881 1036 1947 ἄπελθε
1052 1879 1173 1948 λαΐνων
1189 1881 1344 1965 σταθμῶν,

271 1973 459 2052 Hartungius
479 1974 605 2052 conjecit
628 1993 662 2034 ex
684 1975 813 2053 Telepho
834 1995 895 2036 esse
916 1977 1019 2054 petita.

312 2130 395 2194 loiri.
416 2148 459 2190 vs.
481 2134 539 2189 496
561 2148 637 2207 sqq.:

433 2228 474 2307 μή
496 2253 549 2308 μοι
571 2224 751 2310 φθονήσητ’,
778 2224 892 2312 ἄνδρες
913 2231 942 2292 οἱ
966 2227 1125 2310 θεώμενοι,

433 2324 456 2384 εἶ
479 2322 609 2406 πτωχὸς
631 2321 676 2385 ὢν
697 2321 786 2386 ἔπειτ’
809 2325 842 2387 ἐν
864 2322 1044 2399 Ἀθηναῖοις
1066 2323 1170 2409 λέγειν

432 2413 538 2497 μέλλω
559 2421 628 2500 περὶ
652 2426 708 2491 τῆς
729 2416 855 2493 πόλεως
877 2425 931 2480 etc.

315 2511 359 2570 Ex
381 2510 534 2589 Euripidis
555 2511 685 2590 Telepho
706 2532 762 2573 seo.
784 2513 886 2575 schol:

433 2611 475 2688 μή
497 2635 549 2688 μοι
573 2606 755 2694 φθονήσητ’,
779 2607 892 2696 ἄνδρες
913 2610 1082 2688 Ἑλλήνων
1105 2614 1210 2699 θκροι,

435 2707 457 2766 εἰ
480 2706 612 2789 πτωχὸς
634 2705 678 2769 ὢν
701 2703 818 2779 τέτληκ’
838 2709 870 2770 ἐν
893 2705 1055 2773 ἐσθλοῖσιν
1075 2707 1187 2793 λέγειν·

1001 2803 1112 2864 (Fragm.
1129 2803 1175 2854 701
1194 2803 1281 2865 Dlnd.)

315 2926 397 2990 ltro.
418 2945 461 2986 vs.
483 2929 554 2986 540:

437 3025 496 3106 ἐρεῖ
516 3050 580 3097 τις,
602 3025 639 3087 οὐ
663 3034 758 3109 χρῆν·
783 3024 868 3090 ἀλλὰ
891 3031 920 3090 τί
942 3029 1038 3112 ἐχρῆν
1060 3026 1170 3093 ε’ῖπατε·

316 3114 361 3173 Ex
378 3114 509 3193 Telepho
525 3116 680 3195 decerptus
695 3113 743 3176 hic
762 3137 863 3178 versus
874 3125 931 3191 est,
945 3127 1020 3180 teste
1031 3121 1121 3181 schol.
1137 3122 1214 3181 Item
1227 3143 1268 3183 vs.
1281 3128 1348 3182 543.

897 3216 1009 3278 (Eragm.
1027 3217 1075 3268 7c7
1093 3225 1117 3266 ot
1133 3219 1182 3294 210
1198 3218 1285 3280 Dind.)

317 3338 399 3401 lhid.
421 3357 462 3399 vs.
486 3343 621 3417 555,sq.:

436 3435 519 3498 ταῦτ’
541 3432 599 3500 oid‘
621 3439 668 3500 ὅτι
692 3436 731 3502 ἂν
752 3435 873 3525 ἐδρᾶτε·
895 3441 950 3504 τὸν
974 3437 1004 3506 δὲ
1028 3442 1172 3526 Τήλεφον

436 3530 492 3593 οὐκ
512 3529 676 3612 οῖόρεσθα;
698 3540 774 3608 νοῦς
796 3532 845 3619 ἄρ’
867 3535 940 3616 ἡμῖν
961 3537 1018 3598 οὐκ
1039 3535 1092 3600 ἐ’νι·

316 3624 361 3684 Ex
389 3624 518 3703 Telepho
546 3633 646 3687 sumta
667 3636 737 3689 sunt
757 3631 846 3689 verba
866 3631 922 3693 τὸν
949 3624 978 3693 δὲ
1000 3638 1034 3694 T·
1058 3633 1128 3702 aa,
1152 3640 1226 3694 teste
1247 3635 1350 3705 schol.;

275 3719 396 3780 distichi
417 3720 485 3780 finis
506 3721 621 3799 legibus
644 3713 811 3801 tragoediae
832 3725 963 3785 metricis
978 3745 1039 3785 non
1057 3729 1227 3806 respondes
1242 3737 1351 3790 suntne

277 3815 369 3892 igitur
390 3815 462 3875 haec
484 3817 573 3876 verba
593 3818 823 3897 Aristophanis?

1005 3920 1116 3983 (Eragm.
1134 3923 1179 3973 7ll
1199 3923 1285 3984 Dind.)

319 4049 402 4114 loiri.
424 4070 465 4110 vs.
489 4055 546 4113 576
569 4072 623 4132 sq.:

640 4151 676 4213 οὐ
699 4151 763 4238 γὰρ
785 4153 878 4228 οὗτος
901 4152 1072 4239 ἅνθρωπος
1094 4155 1191 4221 πάλαι

440 4242 567 4307 ἅπασαν
590 4245 677 4326 ἡμῶν
699 4248 755 4321 τὴν
778 4248 874 4313 πόλιν
897 4249 1095 4336 κακορροθεῖ;

277 4342 279 4348 ’
320 4335 422 4397 Senot
438 4336 509 4397 haec
531 4357 647 4417 quoque
669 4359 703 4400 ex
725 4342 855 4420 Telepho
875 4343 970 4422 petita
990 4363 1052 4405 esse
1074 4346 1208 4406 affirmat.

1008 4439 1119 4502 (Fragm.
1136 4441 1184 4492 713
1202 4443 1287 4503 Dind.)
