3216 5154
789 409 831 469 46

274 606 375 669 paene
416 586 503 652 dieas
544 609 618 652 eum
667 591 790 675 gloriae
833 612 940 656 anrore
972 591 1122 675 ductum,
1157 614 1230 657 cum
1268 592 1348 659 alios

273 703 386 781 poetas
411 703 479 763 arte
503 721 537 764 se
562 722 713 786 superare
729 718 832 789 'posse
855 705 1056 789 desperaret,
1082 704 1236 771 materiae
1262 712 1347 771 certe

273 812 365 898 copia
389 814 515 878 vincere
538 814 682 881 voluisse
699 827 719 879 ¹.
762 816 815 882 Sic
838 817 873 882 in
898 818 1085 884 Phoenissis
1102 820 1345 905 componendis,

271 949 372 1013 quum
403 928 603 1013 Aeschylum
629 931 904 1016 Sophoclemque,
929 932 985 1018 qui
1009 933 1094 998 idem
1117 937 1355 1017 argumentum.

272 1047 508 1127 tractaverant,
546 1044 782 1127 aemularetur,
818 1045 852 1109 id
889 1046 1105 1132 excogitavit,
1141 1052 1180 1112 ut
1213 1051 1345 1113 cunctas

272 1155 529 1221 Labdacidarum
553 1157 775 1242 calamitates,
801 1181 938 1243 quarum
962 1159 1112 1245 singulae
1135 1160 1202 1225 illis
1215 1161 1346 1226 uberem

271 1269 429 1334 dramatis
463 1270 632 1335 materiem
669 1272 973 1358 suppeditaverant,
998 1274 1097 1338 unius
1117 1271 1247 1337 fabulae
1271 1271 1345 1335 fini-

274 1381 335 1446 bus
357 1380 555 1461 includeret3
580 1384 690 1449 credas
714 1407 789 1450 eum
813 1385 999 1471 putavisse,
1025 1408 1089 1472 quo
1112 1385 1207 1470 plura
1230 1407 1345 1451 nume-

273 1500 421 1559 rarentur
454 1494 587 1580 funera,
613 1519 650 1561 eo
675 1497 841 1563 meliorem
866 1506 899 1564 et
922 1499 1103 1584 graviorem
1126 1497 1194 1563 fore
1218 1503 1345 1583 tragoe-

272 1608 379 1684 diam3
416 1617 582 1695 praeterea
616 1611 799 1697 Antigones
834 1612 892 1677 illa
923 1617 1141 1699 τειχοσκοπία,
1166 1633 1248 1697 quae
1270 1616 1345 1697 post

269 1722 421 1786 Jocastae
452 1722 609 1808 frigidum
646 1724 819 1810 prologum
850 1745 907 1808 per
946 1727 1007 1788 160
1032 1745 1142 1789 versus
1165 1746 1199 1788 se
1222 1723 1342 1806 trahit,

269 1837 332 1901 etsi
355 1857 413 1920 per
430 1857 470 1902 se
494 1836 603 1902 suavis
627 1837 769 1903 imitatio
789 1837 940 1921 Homeri,
965 1837 1006 1902 ad
1027 1836 1157 1902 fabulae
1171 1859 1344 1922 argumen-

269 1955 340 2013 tum
365 1948 449 2012 nihil
473 1949 616 2033 confert,
651 1951 739 2015 utab
753 1950 968 2035 hypotheseos
983 1950 1138 2036 scriptore
1150 1971 1222 2015 vere
1235 1951 1343 2015 ohser-

268 2069 391 2126 vatum.
433 2060 496 2126 Sed
521 2061 672 2147 inprimis
693 2061 886 2146 dolendum,
905 2062 1067 2128 Menoecei
1084 2069 1223 2128 mortem
1236 2064 1270 2127 in
1284 2064 1343 2129 hac

268 2173 379 2240 fabula
404 2196 474 2239 esse
499 2180 725 2239 memoratam:
749 2176 897 2259 generosi
920 2175 1012 2261 pueri
1035 2177 1145 2242 nobile
1167 2176 1270 2242 letum
1293 2176 1343 2241 di-

268 2310 372 2372 gnum
395 2294 464 2353 erat
485 2287 571 2373 quod
593 2287 691 2372 paulo
711 2267 806 2352 aliter
829 2295 999 2354 caneretur
1023 2309 1122 2377 quam
1140 2273 1341 2371 intransitu,

269 2401 439 2467 duodecim
471 2405 601 2464 tantum
636 2399 782 2464 versibus
816 2400 851 2464 in
884 2401 996 2466 nuncii
1026 2401 1210 2467 narratione
1240 2402 1281 2467 de
1304 2423 1341 2467 eo

268 2515 450 2600 agentibus.
500 2512 568 2578 Nec
601 2534 666 2577 non
698 2513 733 2577 in
766 2513 839 2579 aliis
871 2514 992 2580 fabulis
1024 2515 1146 2581 similia
1173 2521 1343 2580 occurrunt

269 2628 482 2693 incommoda.
532 2626 572 2690 In
608 2626 743 2691 Hecuba
781 2627 867 2692 inter
903 2627 1088 2711 Polyxenae
1124 2634 1157 2694 et
1190 2626 1344 2712 Polydori

268 2739 401 2824 funera,
433 2763 514 2827 quae
546 2741 637 2806 nullo
660 2742 791 2807 vinculo
817 2748 895 2808 sunt
912 2742 1066 2828 juncta³,
1091 2743 1248 2809 dividitur
1269 2764 1342 2827 spe-

269 2858 430 2918 ctatorum
454 2855 592 2920 animus.
630 2856 670 2919 ln
694 2855 878 2921 Heraclidis
894 2877 969 2921 cum
985 2856 1145 2922 Macariae
1161 2857 1344 2922 voluntaria

270 2987 357 3032 mors
403 2974 474 3033 tum
522 2966 698 3052 Eurysthei
731 2990 836 3052 poena
876 2973 1033 3035 cantatur.
1092 2969 1132 3033 In
1180 2969 1344 3055 Supplici-

270 3081 331 3146 bus
362 3081 544 3165 episodium
574 3082 613 3148 de
643 3082 778 3147 Euadne
806 3083 841 3146 in
871 3082 981 3148 mariti
1005 3082 1147 3168 Capanei
1170 3104 1286 3167 rogum
1309 3103 1343 3147 se

302 3292 309 3322 ¹
344 3292 402 3341 Non
420 3289 491 3339 facile
508 3290 616 3338 adducar
636 3298 662 3336 ut
677 3287 799 3336 caleulum
815 3287 930 3350 adjiciam
945 3289 1109 3350 Bernhardic‚
1125 3289 1343 3339 itndehscrerum

268 3380 416 3447 abundantia
441 3380 561 3429 rationem
588 3378 701 3427 reddenti
727 3377 793 3440 (pag.
820 3378 891 3438 432lz
916 3379 1014 3427 “dieses
1039 3379 1148 3429 Unmass
1165 3379 1233 3428 eines
1250 3380 1345 3428 itheria-

266 3471 365 3520 “dcnen
389 3455 529 3519 Plans...ss
559 3466 631 3516 sollte
658 3468 698 3516 die
724 3467 907 3531 Verflcehtung
932 3469 976 3517 der
1002 3468 1133 3531 geheimen
1153 3469 1240 3518 Fiden
1256 3469 1283 3516 in
1299 3470 1344 3518 der

267 3560 409 3609 “aittlichen
434 3557 504 3608 Welt
527 3557 687 3606 anschaulich
712 3556 826 3614 machon,
840 3557 892 3605 und
908 3557 1027 3621 beiliiulig
1043 3557 1088 3607 aui
1110 3558 1151 3606 die
1167 3557 1342 3621 verborgenen

270 3650 367 3712 “Wege
392 3648 436 3697 der
462 3645 575 3697 Gottheit
599 3645 634 3694 im
659 3644 780 3694 unklaren
804 3645 958 3695 Lebenslauf
970 3646 1014 3694 der
1030 3645 1167 3695 Menschen
1184 3645 1343 3696 hinweisen.''

268 3740 347 3802 (Vide
364 3738 440 3787 etiam
456 3750 514 3798 pag.
534 3736 599 3796 1119.)
611 3762 640 3772 -
655 3735 698 3785 Sic
714 3743 801 3798 poetae
809 3735 910 3800 antiquo
919 3736 1021 3784 consilia
1031 3743 1056 3784 et
1063 3735 1191 3799 opiniones
1200 3735 1344 3785 tribuuntur

267 3831 297 3877 de
322 3827 410 3892 quibus
435 3839 467 3873 ne
492 3839 599 3888 unquam
624 3824 754 3873 somniavit
769 3824 880 3888 quidem:
897 3833 963 3873 certe
979 3839 1029 3873 non
1046 3826 1104 3874 satis
1121 3831 1175 3873 erat
1191 3826 1344 3888 expressisse

266 3918 330 3966 hanc
355 3915 510 3979 opinionem,
538 3928 601 3977 quae
625 3913 672 3961 nisi
694 3913 778 3962 solidis
797 3915 957 3976 ¹argumentis
982 3913 1112 3972 fulciatur,
1129 3927 1267 3977 perpaucos
1283 3923 1344 3978 puto

266 4021 298 4055 cx
316 4005 443 4068 Euripidis
459 4003 592 4053 lectoribus
609 4003 714 4052 lautores
731 4011 835 4052 nactura
851 4010 895 4054 est.

299 4093 309 4125 ²
342 4075 409 4155 Qirin
434 4078 476 4142 ¹ubi
500 4100 591 4155 agatur
617 4107 669 4152 res,
693 4101 780 4142 utrum
805 4094 831 4141 in
856 4092 1032 4144 Chersonneso
1047 4108 1079 4142 an
1096 4094 1122 4141 in
1140 4093 1251 4156 Trojano
1268 4107 1342 4156 agro,

267 4199 316 4233 non
341 4190 449 4240 constan
474 4181 506 4231 cl.
532 4197 568 4231 vs.
590 4183 623 4231 33
644 4197 680 4245 sq.
698 4197 755 4232 cum
771 4196 808 4229 vs.
825 4183 874 4231 954
891 4190 916 4231 et
936 4185 995 4232 llll
1014 4198 1066 4246 sqq.
1099 4182 1260 4245 Pflugkium,
1275 4184 1343 4247 cupi-

266 4274 334 4332 dius,
350 4281 379 4321 ut
393 4273 470 4330 solet,
486 4272 519 4320 ab
536 4272 656 4335 Euripide
672 4271 712 4320 hic
729 4285 826 4336 quoque
843 4285 942 4321 omnem
959 4273 1055 4336 culpam
1067 4287 1183 4322 amovere
1194 4276 1343 4332 studentem,

255 4374 317 4413 ,lam
337 4361 440 4426 egregie
462 4377 501 4412 me
522 4360 605 4424 judice
622 4361 741 4411 refutavit
757 4361 788 4412 G.
806 4361 966 4411 Hermannus
982 4364 1008 4410 in
1024 4375 1082 4410 suae
1099 4362 1213 4411 editionis
1229 4363 1341 4427 prolego-

269 4453 359 4512 menis,
376 4463 404 4501 ιιι
422 4452 513 4501 mirum
530 4452 550 4500 si
568 4452 622 4515 quis
640 4452 687 4500 sibi
704 4451 736 4500 ab
754 4465 783 4500 eo
800 4451 943 4514 persuaderi
960 4466 1008 4501 non
1025 4452 1138 4515 patiatur.
