3222 5170
785 359 846 419 uo
920 345 922 350 '

316 545 405 624 Quae
429 565 530 629 quum
554 543 600 607 ita
624 542 702 625 sint,
728 542 906 606 cavendum
930 540 991 605 erit
1014 562 1055 605 ne
1077 540 1175 605 nimis
1199 540 1343 606 offenda-

270 679 342 721 mur
373 656 472 720 cruda
495 661 527 720 et
549 675 663 739 aspera
685 654 931 738 maledicentia,
957 675 1021 739 qua
1044 653 1221 718 identidem
1246 654 1342 719 Euri-

273 770 381 856 pidem
414 770 545 835 lacessit
568 768 726 844 comicus3
751 768 931 832 cavendum
959 789 999 832 ne
1023 766 1226 832 stomachum
1250 768 1342 832 nohis

266 881 449 947 concitante
472 882 529 946 illa
554 880 675 946 lasciva
696 886 729 944 et
743 901 846 965 paene
863 881 995 965 pudoris
1014 885 1144 964 experte
1160 880 1340 965 dicacitate,

265 995 367 1058 amari
389 995 516 1060 corticis
541 1016 637 1058 causa
662 992 790 1058 dulcem
803 1015 940 1079 'quoque
964 1015 1079 1059 nucem
1097 1014 1306 1077 aspernemur
1319 1005 1339 1076 ¹,

265 1114 298 1171 et
331 1109 584 1174 subtilissimum
619 1108 728 1173 nasnti
760 1109 901 1174 censoris
930 1107 1092 1193 judicium
1130 1127 1338 1192 respuamus,

264 1221 339 1304 quia
357 1221 440 1304 jocis
464 1220 551 1286 haud
574 1243 645 1285 raro
669 1220 858 1286 scurrilibus
882 1221 933 1284 vel
958 1219 1058 1286 etiam
1075 1219 1241 1285 obscoenis
1261 1240 1337 1283 con-

264 1333 413 1398 tineatur.
441 1333 526 1397 Nam
550 1354 660 1397 verum
677 1341 726 1398 est
749 1333 835 1418 quod
851 1334 1087 1419 Aristophanes
1103 1333 1172 1417 ipse
1183 1333 1340 1417 jactavit:

263 1449 299 1528 rh
332 1442 450 1511 δίκαιον
482 1443 546 1510 οἶδε
579 1450 626 1508 καὶ
657 1442 854 1531 τρυγῳδίαῖ,
890 1451 923 1510 et
957 1443 1052 1511 facile
1081 1446 1110 1510 ei
1134 1445 1338 1511 concedimus

264 1556 350 1639 quod
385 1579 404 1622 a
435 1559 669 1642 spectatoribus
700 1558 763 1624 sibi
794 1559 989 1643 aliquando,
1006 1558 1080 1642 jure
1102 1559 1282 1644 meritoque
1302 1563 1340 1622 ut

263 1690 323 1754 ego
352 1670 482 1754 opinor,
506 1678 654 1756 precatus
679 1677 746 1736 est:
1208 1653 1210 1657 Ι

422 1788 553 1872 σμικρὸν
576 1783 601 1852 δ’
623 1784 793 1890 ὑποθέσθαι
813 1793 880 1858 τοῖς
901 1794 1031 1870 κριταῖσι
1051 1783 1222 1870 βούλομαι·

321 1899 389 1965 τοῖς
410 1901 524 1977 σοφοῖς
544 1895 615 1973 μέν,
638 1895 701 1958 τῶν
724 1896 833 1976 σοφῶν
854 1894 1065 1973 μεμνημένους
1087 1894 1201 1977 κρίνειν
1223 1893 1287 1972 ἐμέ,

321 2005 389 2069 τοῖς
410 1995 527 2081 γελῶσι
550 1992 576 2061 δ’
597 1993 710 2070 ἡδέως,
733 1993 782 2060 διὰ
804 1997 839 2058 τὸ
860 1994 960 2080 γελᾶν
982 2000 1095 2081 κρίνειν
1116 1998 1164 2076 ἐμέ
1173 1997 1194 2051 ³·

260 2196 423 2244 “tenverderb
448 2197 565 2253 krhnkle,
582 2199 636 2246 dass
656 2212 684 2246 er
701 2196 807 2259 unfahig
825 2197 849 2244 in
868 2195 987 2245 Untiefcn
1004 2210 1035 2243 zu
1052 2195 1149 2244 bliokcn
1167 2197 1235 2244 nicht
1252 2196 1337 2245 einsah

260 2285 323 2332 “wie
344 2285 401 2333 sehr
422 2287 466 2333 der
487 2285 596 2334 innerste
616 2286 704 2335 Grund
721 2288 765 2333 des
781 2285 863 2334 staats
881 2279 977 2333 morach
993 2285 1139 2347 geworden,
1157 2287 1207 2334 und
1226 2284 1267 2334 die
1287 2285 1336 2336 Ge·

260 2373 400 2421 '‘sehsohast
420 2373 506 2422 kainer
525 2373 719 2437 Wiedergoburt
740 2373 822 2435 fahig,
841 2373 948 2421 sonderu
970 2386 1018 2420 von
1039 2372 1200 2422 unhailbaren
1220 2374 1335 2424 Sch'aden

260 2462 444 2525 “sngcgriffen,
461 2478 509 2510 von
527 2463 594 2512 allon
622 2461 836 2511 ratarltndischcn
862 2461 1022 2512 Traditionen
1048 2463 1205 2525 abgewiohen
1223 2465 1273 2512 und
1292 2479 1335 2511 un-

259 2550 383 2599 “bewusst
399 2566 449 2600 von
465 2566 544 2601 neuen
565 2551 768 2614 Anschauungen
788 2551 921 2614 umlangen
942 2564 1001 2598 war.
1035 2552 1071 2600 Er
1096 2552 1234 2601 verkannte
1259 2554 1335 2602 daher

259 2640 317 2687 “dic
332 2639 449 2704 plotal'rch
466 2640 679 2704 aingebrocheuen
696 2641 867 2702 Neuernngen
884 2640 934 2688 und
951 2639 1118 2702 Gegensatze,
1137 2640 1263 2690 vielleicht
1278 2642 1334 2691 weil
1419 2645 1422 2652 '

259 2733 302 2777 “or
319 2730 374 2777 dort
391 2730 462 2778 mehr
478 2728 622 2779 Leichtsinn
639 2729 675 2777 als
694 2729 883 2792 eingewurnelte
902 2729 993 2778 Lastar
1010 2729 1078 2786 sand;
1100 2729 1202 2778 aladann
1219 2745 1270 2778 war
1289 2732 1333 2778 der

258 2818 357 2867 “Wuhn
380 2819 488 2877 erlanbt‚
514 2819 555 2867 ein
580 2834 607 2868 so
633 2819 763 2883 begam,
787 2819 851 2868 noch
873 2833 918 2867 vor
937 2818 1108 2868 Jahrzohuten
1125 2820 1247 2882 gesundas
1263 2820 1333 2869 Volk

259 2907 355 2955 “kenne
377 2908 453 2957 durch
478 2908 626 2958 lacherliohe
650 2908 736 2958 Bilder
757 2911 807 2958 und
829 2909 942 2958 acharfcu
959 2907 1045 2971 Spott,
1066 2908 1111 2956 mit
1129 2907 1263 2972 krtfrigem
1280 2911 1333 2958 Zu-

258 2997 363 3058 “spruch
381 2976 509 3060 gemishht,
526 3013 569 3046 aus
585 3001 641 3048 dom
658 3002 752 3047 wuston
770 2998 869 3047 Ransclr
886 2997 1006 3061 gerhardi
1023 2996 1148 3046 werden.''

292 3085 299 3115 ¹
316 3087 388 3147 Quod
403 3088 492 3136 accidit
506 3103 527 3138 a.
537 3104 562 3152 g.
575 3090 707 3147 Romatio,
724 3103 738 3136 o
755 3089 852 3151 tripode
869 3089 903 3136 sic
921 3087 1102 3151 pronunciasti:
1119 3089 1177 3150 “qni
1195 3088 1219 3135 in
1236 3089 1333 3138 Aristo·

256 3174 361 3237 “phanis
377 3177 491 3225 conviciis
509 3179 639 3227 veritatem
657 3187 726 3241 putat
742 3179 818 3226 ullam
836 3193 896 3236 esse,
908 3177 1000 3226 frustra
1012 3174 1072 3225 est.''
1090 3176 1225 3238 (Viallur.
1235 3193 1286 3242 cap.
1296 3182 1330 3241 4.)

257 3267 338 3315 Immo
356 3269 426 3330 παρὰ
444 3271 498 3324 τοῖς
516 3271 643 3330 κωμικοῖς,
661 3276 688 3317 ut
705 3251 836 3316 verissime'
852 3267 950 3330 scripsit
966 3266 1111 3316 Athenaeus
1127 3267 1149 3327 1,
1166 3282 1222 3332 pag.
1239 3269 1298 3330 21e‚
1315 3270 1330 3329 ὴ

259 3355 313 3416 περὶ
331 3363 382 3404 τῶν
399 3361 524 3420 τραγικῶν
541 3356 671 3406 ἀπόκειται
691 3359 781 3414 πίστις.

289 3441 300 3474 ²
316 3444 427 3508 Acharn.
445 3460 481 3492 vs.
498 3445 554 3494 500.

289 3533 298 3562 ³
315 3533 408 3582 Euclea.
426 3547 461 3581 vs.
482 3535 544 3581 1154
561 3547 610 3595 sqq.
