3222 5170
783 446 863 458 n...—

787 601 861 666 XV.

332 737 408 805 Luo.
434 737 569 822 XLIX,
597 740 638 802 26
662 759 720 823 pro
744 735 896 824 ἐλέγξειεν
919 737 1049 824 legatur
1070 738 1230 816 ἐκτὴἕειεν.
1317 749 1320 758 ’

776 916 870 982 XVI.

333 1053 408 1119 Luc.
447 1053 574 1136 LXVI,
601 1057 642 1117 14
666 1052 836 1127 deleantur
865 1054 962 1120 verba
985 1058 1060 1120 κατὰ
1082 1058 1140 1132 τὴν
1161 1060 1193 1122 ἐκ
1210 1061 1369 1144 ,Πειραιῶς

286 1170 319 1242 ἐς
339 1169 375 1232 τὸ
397 1166 486 1233 ἄστυ·

778 1312 887 1379 XVII.

331 1451 407 1517 Luc.
435 1450 600 1536 LXXIV,
625 1456 646 1516 4
669 1452 830 1519 verbaoIa
851 1464 920 1530 τοῖς
942 1454 1011 1541 ἄρτι
1032 1453 1229 1540 γεννηθεῖσιν
1248 1459 1368 1543 ἐρίφοις

286 1565 322 1627 τὰ
335 1568 445 1651 κέρατα
457 1567 625 1651 ὑποφύεται
637 1586 677 1630 ex
690 1563 783 1650 LIV,
801 1569 814 1629 1
832 1565 984 1630 videntur
999 1566 1032 1629 in
1046 1571 1174 1631 textum
1186 1566 1364 1652 irrepsisse.

760 1743 891 1810 XVIII.

332 1882 416 1948 Plat.
451 1883 614 1950 Phaedon.
647 1907 721 1971 pag.
757 1888 798 1952 65
824 1886 854 1951 D
877 1891 976 1972 φαμέν
997 1917 1024 1952 τι
1049 1889 1124 1954 εἶναι
1147 1884 1267 1954 δίκαιον
1291 1888 1367 1954 αὐτὸ

287 1995 305 2070 ἢ
327 1993 431 2066 obtem
453 1998 673 2084 Expungatur
695 2001 781 2064 αὑτό.

775 2176 869 2242 XIX.

332 2313 415 2377 Plat.
451 2312 613 2380 Phaedon.
640 2319 681 2380 66
707 2315 735 2378 Β
763 2312 930 2381 κινδυνεύει
952 2343 1001 2380 τοι
1023 2317 1127 2402 ὥσπερ
1151 2315 1293 2402 ἀτραπός
1318 2342 1367 2389 τις

284 2431 417 2514 ἐκφέρειν
438 2428 519 2511 ἡμᾶς
539 2429 613 2511 μετὰ
634 2435 690 2493 τοῦ
712 2428 816 2514 λόγον
838 2431 870 2493 ἐν
891 2434 930 2512 τῇ
941 2429 1052 2512 σκέψει·
1077 2427 1153 2492 Non
1166 2427 1272 2492 solum
1292 2447 1367 2492 cum

286 2540 319 2604 C.
348 2539 383 2607 F.
411 2539 599 2604 Hermanno
623 2544 718 2624 ἡμᾶς,
744 2542 923 2608 sedetiam
946 2543 1021 2625 μετὰ
1046 2540 1243 2607 eradendum
1267 2545 1325 2604 est.

784 2705 860 2769 XX.

328 2843 412 2908 Plat.
451 2843 613 2910 Phaedon.
652 2848 692 2910 72
729 2843 757 2907 Β
796 2845 869 2911 ἀλλ’
890 2845 989 2911 εὐθεῖά
1011 2875 1059 2921 τις
1081 2847 1124 2921 εἴη
1147 2849 1165 2922 ἡ
1187 2850 1309 2933 γένεσις
1331 2851 1363 2912 ἐκ

282 2961 339 3019 τοῦ
360 2959 463 3044 ἑτέρον
484 2959 585 3039 μόνον
607 2962 650 3032 εἷς
671 2959 707 3023 τὸ
729 2959 924 3040 καταντικρύ·
963 2955 1162 3020 Vocabulum
1187 2959 1204 3031 ἡ
1227 2962 1364 3041 γένεσις,

284 3088 416 3134 sensum
439 3068 536 3153 plane
559 3071 765 3154 perturbans,
792 3068 967 3134 delendum
991 3076 1050 3133 est.

772 3232 868 3296 XXI.

328 3373 441 3438 Horat.
477 3373 536 3439 od.
563 3372 631 3456 IV,
657 3378 697 3456 4,
724 3374 743 3436 9
770 3395 829 3459 pro
847 3382 1014 3458 paventem
1036 3373 1164 3460 legatur
1181 3385 1361 3459 parentum.

712 3567 719 3579 =
766 3537 881 3602 XXII.

327 3679 439 3745 Horat.
476 3678 579 3764 Xpod.
618 3683 674 3761 13,
701 3683 740 3744 13
765 3700 824 3765 pro
843 3683 942 3765 parvi
968 3680 1096 3766 legatur
1119 3684 1190 3747 root
1214 3680 1357 3764 (Comm.

283 3793 378 3879 Oruq.
401 3796 527 3879 provi.)

758 3931 890 3996 XXIII.

327 4071 442 4137 Horat.
469 4069 572 4155 Epod.
602 4073 661 4154 17,
689 4072 730 4135 66
755 4069 885 4135 videtur
908 4069 1094 4154 ejiciendus.

755 4236 882 4301 XXIV.

326 4363 438 4430 Horat.
477 4364 570 4430 Satis.
610 4365 665 4449 ΙΙ,
703 4368 740 4446 2,
779 4366 820 4428 38
845 4370 921 4449 post
944 4385 1074 4429 versum
1099 4368 1140 4428 22
1171 4363 1353 4429 collocetur.

279 4475 361 4541 Ibid.
388 4499 435 4546 vs.
461 4477 701 4562 301egendu1n
725 4476 854 4542 videtur
878 4478 1040 4562 deceptum
1064 4487 1093 4541 te
1111 4485 1232 4560 potere.
1266 4478 1353 4542 Esto
