3216 5154
778 415 813 475 11

263 605 446 684 temporum
471 599 614 664 moribus
638 620 769 685 prorsus
791 617 856 665 non
880 600 1066 683 ferendum,
1091 601 1176 687 quod
1201 601 1332 686 Euripi·

263 713 313 778 dis
345 711 485 778 humiles
522 711 646 785 natales
670 718 703 778 et
726 713 903 778 domestica
925 713 1092 778 calamitas
1117 714 1334 798 praebuerunt

262 826 432 892 materiem
455 826 734 891 acerbissimorum
758 825 984 891 conviciorum.
1022 825 1156 904 Quoties
1171 827 1201 890 ei
1216 848 1330 911 expro-

263 939 356 1004 brata
386 943 439 1013 est
472 944 576 1004 mater
608 939 695 1004 olera
728 940 900 1005 venditans
938 939 1043 1020 Clito,
1081 941 1241 1024 “agrestis
1276 941 1334 1005 illa

264 1052 357 1135 dea'',
382 1052 468 1116 unde
493 1053 658 1136 “agrestes
683 1075 757 1118 suos
781 1054 908 1118 mores”
934 1052 1111 1130 duxerat¹3
1130 1074 1334 1138 quamsaepe

264 1163 407 1250 apertius
435 1164 641 1230 obscuriusve
664 1167 706 1230 ad
728 1167 837 1232 uxoris
862 1167 1088 1232 infidelitatem
1111 1166 1230 1232 alludit
1257 1166 1333 1232 Ari-

265 1277 457 1362 stophanes,
481 1297 597 1360 parum
619 1298 742 1343 memor
766 1300 879 1344 aureae
902 1277 1031 1363 regulae
1048 1279 1192 1364 quamin
1205 1279 1333 1344 Ranis'

264 1393 332 1454 tarn
353 1389 495 1474 graviter
518 1388 586 1453 edit
607 1389 804 1475 Aeschylus:
830 1393 947 1458 “decet
969 1397 1099 1478 poetam
1122 1415 1188 1458 non
1204 1393 1334 1478 quidvis

266 1503 411 1587 effutire,
449 1504 506 1570 sed
543 1525 625 1588 quae
660 1505 768 1589 turpia
802 1511 879 1569 sunt
913 1504 1067 1570 oblivioni
1092 1505 1200 1571 dare.’'
1248 1505 1334 1570 Talis

264 1617 380 1683 modus
405 1618 624 1683 adversarium
649 1618 863 1704 opprimendi,
888 1617 1060 1682 hodiernae
1083 1618 1334 1703 quagloriamur

265 1730 442 1796 urbanitati
465 1753 650 1816 repugnans
669 1731 696 1814 ³,
717 1730 857 1816 judicari
880 1730 975 1795 debet
998 1728 1110 1795 habita
1125 1729 1334 1816 antiquorum

265 1866 392 1910 morum
422 1846 565 1923 ratione3
600 1845 780 1930 cogitemus
805 1865 923 1930 quaeso
953 1849 1075 1928 quanta
1101 1843 1188 1927 apud
1211 1850 1335 1911 veteres

265 1958 364 2024 fuerit
395 1957 523 2023 dicendi
554 1958 706 2042 libertas,
739 1963 957 2044 quantamque
988 1957 1138 2042 inprimis
1171 1957 1204 2022 in
1240 1980 1336 2024 scena

266 2071 389 2137 comica
410 2071 576 2136 licentiam
591 2070 761 2138 offenderit
773 2071 1008 2156 Aristophanes
1026 2070 1046 2135 ⁸.
1073 2070 1214 2136 Fortiter
1229 2072 1336 2138 odisse

267 2185 394 2270 antiqui
426 2185 574 2250 homines
608 2184 701 2250 laudi.
731 2185 912 2266 duxerunt,
945 2205 1048 2270 neque
1080 2183 1224 2268 profecto
1252 2185 1336 2250 hanc

266 2298 395 2363 laudem
419 2297 632 2383 Aristophani
655 2298 793 2363 abnuere
815 2319 998 2383 possumus.
1098 2320 1100 2324 ’

312 2410 377 2476 Ubi
408 2411 479 2496 jam
511 2410 703 2496 descripturi
738 2432 849 2476 sumus
883 2420 916 2476 et
951 2411 1160 2497 dijudicaturi
1191 2435 1336 2498 eaquae

267 2523 502 2608 Aristophanes
537 2523 654 2608 objecit
687 2523 854 2608 Euripidi,
888 2545 953 2589 non
986 2529 1094 2609 potest
1128 2525 1207 2634 qqin
1241 2547 1336 2610 aegre

268 2637 408 2704 feramus
440 2637 526 2723 quod
556 2637 723 2722 utriusque
755 2637 876 2722 scripta
904 2659 971 2702 non
998 2638 1093 2703 modo
1118 2660 1181 2703 non
1207 2639 1336 2724 integra

269 2751 310 2816 ad
334 2772 392 2817 uos
415 2754 645 2836 pervenerunt,
670 2748 725 2813 sed
747 2749 844 2833 longe
867 2750 1010 2814 maxima
1033 2771 1143 2814 eorum
1158 2772 1232 2835 pars
1250 2756 1333 2816 tem-

269 2864 357 2950 poris
379 2864 499 2950 injuria
522 2862 614 2928 nobis
638 2867 688 2927 est
710 2862 847 2927 sublata.
896 2862 991 2936 Nunc
1015 2862 1100 2927 enim
1125 2884 1190 2927 non
1214 2885 1335 2948 paucae

271 2977 492 3044 accusationes
523 2975 749 3042 tantummodo
774 2996 814 3039 ex
838 2974 989 3040 brevibus
1012 2974 1221 3060 fragmentis,
1250 2978 1337 3063 apud

271 3093 462 3159 scholiastes
492 3090 646 3171 servatis,
682 3087 830 3173 dignosci
862 3093 895 3152 et
927 3087 1085 3153 illustrari
1108 3101 1262 3174 possunt3
1287 3091 1336 3157 fa-

303 3315 311 3346 ¹
328 3317 440 3366 Acheru.
466 3317 527 3373 457,
544 3317 606 3375 4783
623 3317 707 3380 Equis.
728 3317 759 3366 18
775 3331 822 3378 ης
840 3315 991 3379 Thesmoph.
1008 3317 1071 3373 387,
1087 3317 1148 3374 455;
1166 3317 1258 3367 Rsnsr.
1275 3318 1337 3376 84ος

270 3405 304 3454 cf.
326 3406 400 3455 etism
417 3405 567 3469 Thesmoph.
585 3407 634 3456 910
650 3421 706 3456 cum
723 3405 806 3456 Schol.

302 3493 313 3525 ²
329 3495 393 3544 Rau.
410 3496 474 3545 1054
490 3510 526 3558 sq.

303 3583 370 3632 Μ11
385 3583 435 3633 faut
450 3598 542 3632 avouer
558 3598 606 3647 que
622 3584 658 3632 les
675 3583 790 3632 allusione
806 3583 822 3630 b
837 3583 863 3632 le
880 3583 1017 3648 profession
1035 3586 1064 3633 de
1081 3585 1105 3632 la
1117 3585 1338 3650 mered'Euripide

273 3680 344 3726 “sont
368 3674 518 3724 miserables.
550 3672 614 3737 Qu’y
631 3674 695 3723 a-t-il
711 3689 743 3723 cn
760 3673 817 3722 effes
832 3675 862 3723 de
878 3673 981 3738 piqusnt
997 3675 1013 3722 b
1029 3670 1143 3737 rappeler
1159 3676 1200 3738 qu'
1217 3675 1337 3739 Euripide

271 3769 324 3815 “est
348 3764 387 3812 fils
410 3763 482 3812 d'une
507 3763 665 3812 verdunibrc?
698 3762 824 3823 Qu'cstce
848 3778 895 3826 que
919 3764 971 3813 cele
999 3772 1059 3826 peut
1086 3763 1186 3812 enlever
1205 3779 1237 3813 cu
1254 3765 1339 3814 merite

272 3857 318 3903 “du
345 3854 424 3918 grand
447 3852 535 3917 poete?
568 3854 647 3902 Entre
671 3854 738 3901 deux
765 3853 875 3901 hommes
900 3868 932 3901 ou
958 3855 1023 3902 deux
1047 3854 1131 3902 arbres
1147 3856 1208 3904 dont
1224 3855 1260 3904 les
1277 3858 1338 3904 tetes

273 3953 343 3995 “sont
354 3961 385 3994 au
402 3945 482 3993 meme
499 3944 602 4001 nimau,
621 3947 697 4000 est-os
713 3955 761 4005 que
780 3941 845 3991 celui
860 3942 1005 4005 quiparrde
1015 3942 1338 4007 plusbssn'estpasreclle-

271 4041 355 4085 “ment
370 4035 394 4083 ic
410 4034 465 4096 plus
485 4034 564 4098 grand
581 4033 719 4081 desdeux?
736 4031 809 4080 Ainsi
825 4030 874 4079 l'on
890 4032 943 4080 doit
958 4033 1113 4081 reconnaitre
1133 4033 1339 4097 qu'icilapensee

273 4123 482 4187 “d'Aristophene
498 4137 529 4172 ne
548 4129 607 4169 veut
626 4136 668 4184 pus
685 4121 769 4169 mieux
785 4135 833 4184 que
850 4136 887 4170 ses
904 4121 1074 4172 sentiments.''
1095 4106 1123 4158 ζ-
1142 4123 1172 4171 Ε.
1190 4122 1339 4181 Deschanel,

273 4198 366 4264 Flendus
384 4228 426 4262 sur
442 4212 621 4275 Aristophane,
639 4225 695 4274 pag.
713 4210 770 4262 247.

304 4304 314 4333 ⁴
332 4303 395 4353 “Die
418 4301 514 4353 (irenae
529 4300 649 4351 awischcn
666 4301 722 4349 dem
741 4298 873 4362 Cynismus
894 4299 938 4348 der
954 4298 1066 4364 Gattuug
1082 4301 1158 4350 selbot
1177 4304 1236 4351 und.
1248 4342 1268 4350 ..
1291 4304 1338 4353 dcn

272 4391 456 4454 “pers‘dniiohen
483 4390 668 4442 Gesehmbeken
693 4389 737 4438 der
755 4388 877 4438 Komiher
900 4389 932 4438 ist
957 4390 1051 4438 schwer
1071 4405 1100 4438 an
1118 4390 1290 4440 bestimmen.”
1307 4419 1338 4430 —-

272 4481 407 4530 Bernhard.
430 4495 484 4543 pag.
505 4481 559 4530 621.
1142 4477 1143 4482 ’
