3216 5154
645 980 820 1057 CAPUT
848 981 933 1056 ΙΙΙ.
1022 963 1059 1022 *⁴

536 1189 712 1237 nuanunns
750 1147 1051 1259 πολνμῆχοινος.

698 1341 891 1354 m

428 1462 441 1542 ξ
471 1464 498 1524 1.
547 1459 775 1544 Aristophanis
799 1460 857 1525 loci
879 1460 936 1525 loo
950 1443 1153 1546 pertinentes.

195 1731 202 1744 ¹
293 1747 451 1811 Ardorem
474 1744 639 1828 poeticum
664 1765 717 1808 me
737 1744 850 1829 judice
864 1744 1007 1810 defuisse
1023 1743 1174 1829 Euripidi
1186 1744 1323 1809 ostendi.

251 1860 347 1926 Unde
371 1860 434 1924 tria
457 1858 540 1923 mihi
561 1835 714 1924 videntur
735 1859 892 1944 explicari
915 1880 1019 1944 posse.
1068 1858 1178 1923 Primo
1195 1858 1327 1944 quidem

249 1975 325 2040 inde
348 1973 547 2058 intelligitur
569 1995 626 2039 our
650 1995 716 2038 non
740 1994 861 2039 novum
883 1995 987 2059 genus
1009 1973 1116 2058 poesis
1135 1971 1326 2054 condiderit,

248 2087 305 2152 sed
327 2087 513 2173 tragoedias
538 2087 775 2172 composuerit,
800 2087 837 2151 τὰ
859 2091 988 2172 μέγιστα
1010 2090 1118 2151 tamen
1142 2095 1197 2161 τῆς
1208 2114 1327 2172 τραγῳ-

249 2197 334 2276 δοκῆς
362 2204 477 2288 τέχνης
503 2200 702 2287 παραλιπών,
727 2206 764 2265 ut
787 2199 1024 2284 Aristophanes
1049 2199 1134 2264 dixit
1147 2201 1168 2282 ¹,
1196 2199 1266 2281 vel,
1290 2204 1328 2263 ut

249 2311 434 2398 Agathonis
460 2311 580 2378 verba⁹
603 2313 645 2376 ad
669 2334 744 2378 eum
769 2308 994 2398 detorqueam:

409 2428 445 2492 τὸ
467 2431 523 2509 μὲν
544 2429 708 2514 πάρεργον
730 2427 827 2514 ἔργον
846 2424 893 2500 ὣς
914 2430 1121 2510 ποιούμενος,

408 2532 445 2596 τὸ
467 2527 494 2596 δ’
516 2530 612 2618 ’ἔργον
634 2532 679 2607 ὡς
700 2533 865 2618 πάρεργον
887 2533 1127 2615 ἐκπονούμενος·

249 2635 298 2699 De
320 2635 380 2700 hac
402 2656 436 2699 re
455 2634 525 2719 jam
551 2634 694 2701 vidimus
710 2637 731 2700 ³.
767 2635 892 2702 Deinde
908 2635 967 2700 illa
977 2635 1327 2725 rolopnxavimquam

247 2747 373 2832 passim
397 2747 633 2833 Aristophanes
657 2749 687 2814 ei
711 2748 825 2833 objicit
838 2751 862 2833 ⁴,
889 2748 971 2813 mihi
991 2749 1068 2814 hinc
1078 2748 1177 2814 fluere
1188 2749 1324 2814 videtur.

248 2861 354 2927 Tertio
373 2862 443 2928 loco
466 2885 506 2927 ex
525 2863 638 2928 eodem
653 2862 744 2929 fonte
756 2885 924 2929 emanasse
936 2861 1074 2928 arbitror
1083 2863 1327 2951 πολυγνωμικὸν

247 2974 349 3059 illud,
384 2973 509 3060 ῥήσεων
532 2975 626 3041 illam
649 2977 850 3059 ubertatem,
876 2976 991 3041 multis
1015 2976 1182 3042 laudatam
1207 2975 1264 3040 sed
1287 2973 1327 3037 ab

248 3087 469 3174 Aristophane
492 3111 587 3174 saepe
610 3090 817 3156 acerbissime
839 3090 988 3155 derisam.

292 3201 368 3267 dam
392 3201 482 3286 prius
506 3202 546 3267 de
570 3202 816 3291 πολυμηχανίας
838 3201 973 3268 crimine
997 3224 1142 3288 agamus.

294 3312 487 3399 Complures
511 3323 590 3380 sunt
612 3315 676 3380 loci
700 3315 734 3379 in
759 3314 990 3400 Aristophanis
1015 3315 1135 3381 fabulis
1157 3315 1213 3380 ubi
1227 3314 1324 3380 Euri-

247 3429 333 3516 pidis
366 3426 509 3512 carpitur
543 3427 646 3492 nimia
678 3427 852 3493 calliditas.
901 3435 1094 3516 Πανοῦργος
1125 3429 1171 3493 ibi
1194 3428 1287 3494 audit
1302 3433 1326 3510 ὁ,

247 3541 468 3630 peritissimus
491 3546 547 3606 τοῦ
569 3540 732 3628 τεχνάζειν
747 3540 770 3596 ⁶·
796 3540 1018 3624 Praeceptoris
1041 3542 1182 3608 Socratis
1201 3541 1327 3608 vafrum

282 3778 288 3808 ¹
324 3777 387 3826 Rau.
406 3792 441 3824 vs.
461 3777 532 3826 1494.

279 3865 290 3898 ²
323 3867 418 3916 Athen.
435 3866 471 3924 V,
488 3880 545 3929 pag.
566 3867 611 3914 185
627 3881 648 3915 ο.

280 3958 290 3986 ³
324 3958 406 4019 Supra
421 3971 477 4020 pag.
495 3959 527 4005 34
543 3962 602 4020 sqq.'

280 4044 289 4076 ⁴
323 4045 481 4109 Quemquam
506 4046 551 4094 hac
576 4045 682 4094 dictione
709 4046 891 4110 Aristophanes
917 4062 1044 4110 nunquam
1067 4054 1104 4095 cst
1126 4061 1199 4102 usus;
1219 4045 1327 4092 sednon

247 4143 284 4184 ost
299 4136 360 4194 alia,
377 4126 441 4199 quae
459 4135 558 4192 vitium,
577 4135 650 4185 toties
665 4120 698 4184 ab
715 4152 743 4185 co
760 4136 924 4199 increpitum,
941 4138 1004 4186 adeo
1020 4139 1050 4185 ad
1068 4151 1178 4199 unguem
1196 4133 1330 4197 exprimat.

281 4225 291 4255 ⁵
324 4227 387 4276 Run.
406 4242 442 4275 vs.
460 4228 500 4284 80,
520 4227 590 4276 1⁵20.

282 4313 291 4344 ⁶
324 4315 477 4379 Thesmoph.
495 4331 530 4364 vs.
548 4316 580 4362 94
597 4315 766 4364 Mnesilochus
783 4318 817 4365 sic
834 4319 864 4365 de
882 4332 908 4366 se
926 4326 950 4365 et
967 4317 1100 4380 Euripide:

475 4409 520 4454 τοῦ
538 4407 586 4470 γὰρ
604 4407 734 4469 τεχνάζειν
750 4406 868 4471 ἡμέτερος
886 4407 899 4455 ὁ
918 4410 1058 4470 πυραμοῦς.

249 4496 274 4545 li.
293 4509 313 4542 c.
331 4510 392 4544 nara
414 4497 442 4542 ia
465 4498 606 4544 certamino
624 4497 758 4558 vafrorum
778 4500 935 4546 tiaratorum
957 4497 1026 4546 nobis
1043 4498 1149 4548 debetur
1161 4501 1327 4562 protrahor.)
