3216 5154
798 401 837 461 10

286 582 456 664 Cleonem,
490 581 729 666 Hyperbolum,
769 604 834 648 non
874 584 1013 668 amplius
1048 583 1234 649 infestasset
1273 583 1350 677 Ari-

284 695 476 780 stephanos,
522 694 579 758 ubi
623 698 800 779 prostratos
838 695 962 761 videret
1003 697 1097 762 rebus
1131 697 1273 762 adversis
1297 697 1349 762 vel

283 813 385 874 morte
403 809 410 842 ¹
417 858 426 892 ,
457 807 646 893 Euripidem
670 809 768 873 etiem
792 813 956 874 mortuum
978 810 1085 875 vivere
1107 809 1270 874 intellexit
1292 830 1349 894 per

282 921 402 1006 scriptu
434 942 492 986 sue
508 922 536 999 ’ς
567 942 642 985 nam
675 920 754 986 satis
778 922 880 986 bonne
902 923 1021 988 mentis
1045 923 1075 988 ei
1099 928 1167 988 erat
1189 928 1227 988 ut
1250 945 1346 1008 quem

282 1035 393 1100 oderat
426 1039 459 1099 et
490 1034 705 1119 perniciosum
745 1034 971 1118 existimabat,
1013 1057 1078 1102 non
1118 1037 1198 1102 item
1239 1041 1347 1102 oonte-

282 1154 407 1213 mneret
414 1175 422 1226 3
447 1149 513 1214 imo
537 1149 755 1216 adversarium
779 1151 900 1216 sciebat
917 1151 1056 1234 fortem,
1085 1152 1166 1217 bene
1188 1155 1349 1216 mmatum

281 1261 406 1346 sibique
427 1283 538 1346 perem
558 1261 579 1325 ³.
1090 1341 1095 1348 γ

324 1373 437 1460 Neque
471 1375 581 1440 mirari
604 1375 774 1459 debemus,
799 1377 833 1440 in
857 1377 1015 1464 eligendis
1040 1377 1113 1443 telis
1138 1378 1254 1464 quibus
1279 1383 1344 1442 tru-

279 1487 390 1571 gicum
418 1486 601 1553 confoderet
634 1509 698 1553 non
729 1489 777 1555 itu
800 1490 965 1557 difficilem
989 1513 1023 1558 se
1046 1491 1248 1576 praestitisse
1270 1492 1346 1557 Ari-

280 1599 479 1685 stophanem.
529 1601 650 1667 Durius
684 1625 761 1668 sene
790 1603 892 1669 videri
914 1605 1018 1688 possit
1041 1611 1074 1670 et
1098 1627 1139 1670 ex
1164 1612 1347 1671 nostrorum

243 1905 246 1910 -
311 1875 318 1906 ¹
337 1876 387 1925 Vd.
408 1877 473 1925 Nub.
495 1877 544 1926 549
560 1891 612 1940 sqq.
631 1878 670 1938 (de
686 1892 735 1940 quo
750 1877 804 1928 loeo
821 1878 951 1942 insigniter
967 1880 1098 1944 aliquunde
1115 1879 1209 1929 erravit
1233 1877 1265 1928 G.
1282 1875 1347 1927 Her·

278 1978 381 2013 mannus
406 1966 437 2014 de
461 1965 536 2016 Metr.
562 1966 593 2016 R.
619 1975 644 2014 et
669 1966 713 2016 Gr.
735 1981 758 2029 p.
783 1967 969 2040 38iipveriors
994 1978 1076 2017 temen
1098 1968 1227 2032 proferens
1244 1969 1271 2016 in
1287 1981 1346 2016 sune

277 2055 387 2104 Nubium
403 2055 516 2104 editionis
532 2056 690 2105 adnotatione
705 2058 736 2104 ed
752 2057 818 2105 hunc
834 2058 934 2120 locum),
950 2059 1044 2108 collutis
1061 2061 1118 2110 Pac.
1135 2060 1185 2109 648
1201 2075 1252 2124 sqq.

309 2144 366 2192 Non
391 2144 480 2208 igitur,
504 2144 552 2192 nisi
576 2145 603 2192 in
627 2159 677 2194 uno
701 2146 832 2208 Euripide,
851 2147 979 2210 negligere
996 2148 1090 2198 solebat
1106 2156 1264 2211 praeceptum
1281 2161 1345 2196 com-

277 2233 359 2282 munis
375 2233 546 2293 humanitatis,
563 2233 593 2282 ab
613 2233 762 2283 Archilocho
779 2235 813 2284 sic
829 2249 986 2298 expressum:

470 2323 498 2370 οὐ
515 2323 563 2387 γὰρ
580 2322 657 2371 ἐσθλὰ
675 2324 827 2398 κατθανοῦοι
844 2331 969 2390 κερτομεῖν
986 2324 1026 2375 ἐπ’
1044 2325 1175 2390 ἀνδράσιν,

277 2410 317 2458 vei
334 2417 362 2459 ut
377 2410 503 2474 Euripidis
520 2412 594 2460 citem
614 2426 726 2460 versum:

469 2500 493 2548 τί
509 2501 569 2557 τοὺς
586 2500 712 2558 θανόντας
730 2501 775 2551 οὐκ
792 2501 835 2568 ἐᾷς
852 2502 1007 2564 sedentium
1032 2503 1130 2567 (fragm.
1156 2517 1171 2552 e
1189 2503 1344 2567 Melanippe;

276 2591 325 2639 505
342 2589 433 2652 Wagn.
450 2591 498 2640 510
515 2590 603 2650 Dind.)
621 2618 652 2626 -·
669 2590 745 2655 Soph.
762 2589 835 2653 Ajec.
854 2607 890 2640 vs.
911 2594 985 2642 1344:

662 2680 742 2744 ἄνδρα
760 2680 780 2730 d’
797 2682 827 2730 ori
844 2682 952 2744 δίκαιον,
967 2682 988 2730 εἰ
1005 2682 1093 2744 θάνοι,

469 2769 599 2830 βλάπτειν
616 2771 662 2820 τὸν
679 2771 783 2829 ἐσθλόν,
801 2769 851 2820 οὐδ’
868 2771 913 2820 ἐὰν
930 2777 1010 2836 μισῶν
1026 2774 1112 2837 κυρῇς.

308 2859 392 2911 ’Scio
416 2861 542 2910 Renarum
566 2874 600 2907 vs.
625 2859 675 2908 868
691 2873 726 2923 eq.
743 2860 815 2923 plene
831 2859 981 2909 eontrarium
997 2861 1131 2910 continere.
1164 2860 1274 2924 Tempus
1297 2860 1345 2909 fnit

275 2965 354 3014 quum
379 2950 435 2998 ideo
462 2948 538 2999 verbe
561 2948 691 3012 Aeschyli:
719 2948 734 3008 ἡ
762 2951 862 3008 ποίησις
886 2951 943 3014 οὐχὶ
968 2949 1116 3010 συντέθνηκέ
1141 2969 1197 3013 μοι,
1221 2950 1302 3014 τούτῳ
1320 2949 1344 2998 δὲ

276 3039 442 3099 συντέθνηκεν
467 3045 565 3088 vertere
589 3037 692 3086 vellem:
714 3053 757 3087 urs
780 3041 881 3102 poetico
902 3055 953 3088 nou
968 3040 1046 3089 simul
1060 3055 1156 3089 meorum
1172 3040 1236 3089 obiit
1253 3040 1345 3104 (super-

274 3131 371 3180 stitibus
387 3143 420 3178 so.
436 3128 490 3176 eliis
505 3127 575 3176 honis
591 3127 702 3193 tragicis)
718 3127 761 3176 scd
777 3129 855 3177 simtd
870 3143 927 3177 cum
944 3129 989 3178 hoc
1004 3129 1080 3189 obiit,
1099 3131 1165 3193 quod
1181 3144 1268 3179 verum
1283 3137 1345 3188 eret,

276 3228 304 3270 nt
328 3220 380 3282 ipse
397 3232 493 3282 qnoque
509 3217 635 3281 Dionysus
652 3232 725 3280 snpra
740 3232 775 3266 vs.
792 3219 822 3270 7l
842 3233 893 3282 sqq.
911 3219 1021 3279 dixerat,
1038 3230 1096 3269 nem
1112 3219 1165 3269 fers
1180 3221 1267 3270 eodem
1283 3227 1344 3270 tem·

276 3325 335 3374 pore
350 3323 401 3373 quo
415 3307 558 3372 Euripides,
576 3308 672 3358 obierat
688 3307 833 3371 Sophocles,
851 3308 946 3358 obierat
965 3308 1206 3374 Agathonnoejsm
1217 3316 1345 3374 supererat

276 3399 384 3463 tragicus
400 3397 542 3448 tolerabilis.
561 3423 591 3436 -
608 3397 658 3448 Sed
674 3404 759 3447 tumen
773 3397 855 3446 minus
872 3399 1011 3462 adoptatam
1027 3399 1105 3448 fateor
1121 3400 1184 3448 hunc
1198 3399 1344 3449 sententium

276 3488 414 3548 contextui,
438 3489 520 3552 itnque
544 3495 639 3536 vertam
664 3487 745 3550 potins
768 3494 796 3536 ut
824 3488 916 3539 solent:
941 3504 997 3538 οιοα
1021 3491 1089 3538 euim
1106 3504 1184 3553 opera
1201 3505 1252 3538 νιοο
1268 3489 1346 3538 simul

278 3594 373 3628 νιοοινοι
395 3579 479 3627 obiere
504 3578 569 3640 (aere
596 3577 743 3641 perenniora
769 3576 876 3639 scripsi),
893 3577 968 3641 Ιινρυι
984 3592 1044 3625 cero
1060 3580 1160 3641 sumpte
1176 3583 1228 3626 νου
1245 3578 1343 3642 unque-

276 3672 349 3718 ctoru
368 3670 482 3730 suerunt
506 3669 575 3730 ipso:
601 3680 648 3730 quo
665 3665 752 3714 ucerbo
769 3665 891 3730 Aeschyli
909 3664 967 3727 jnco
983 3680 1033 3714 non
1049 3673 1130 3714 tamen
1147 3679 1232 3714 veram
1248 3665 1344 3716 Aristo

277 3758 364 3823 phsnis
378 3758 518 3821 opinionem
535 3755 641 3819 exprimi
659 3762 727 3818 puto.

249 3865 252 3872 ¹
311 3847 388 3897 ³Vid
419 3845 519 3908 Proleg.
543 3845 575 3893 ed
598 3843 730 3907 Aristoph.
758 3844 827 3892 XIII
843 3843 920 3893 Dind.
938 3845 980 3906 l:
995 3843 1082 3906 fragm.
1100 3845 1160 3904 3973
1178 3843 1252 3892 schol.
1270 3843 1339 3893 Plut.

278 3953 335 4001 pag.
350 3938 400 3986 330
415 3935 506 3997 Bekk.)
524 3934 566 3983 ubi
585 3932 681 3984 Cratini
700 3932 726 3980 hi
743 3947 830 3982 versus
846 3933 966 3998 citantur:

470 4025 507 4082 τίς
525 4023 549 4073 δὲ
567 4025 596 4072 σὺ
613 4023 720 4088 κομψὸς.
732 4061 752 4071 ,.
775 4041 814 4081 τις
830 4025 910 4087 ἔροιτο
928 4023 1027 4083 θεατής

468 4112 687 4177 ὑπολεπτὸλογος,
706 4111 898 4177 γνωμιὸιώκτης,
916 4105 1218 4176 εὐριπιδαριστοφανὶζων.
1254 4161 1257 4169 ,

278 4217 303 4256 οι
320 4206 395 4270 ipsius
411 4203 587 4267 Aristophanis
603 4202 650 4251 hoc
666 4201 799 4252 distichon:

404 4345 406 4351 y
470 4298 566 4357 χρῶμαι
583 4293 630 4356 γὰρ
647 4291 787 4340 αὐτοῦτοῦ
805 4292 929 4354 στόματος
947 4291 983 4354 τῷ
999 4289 1158 4354 στρογγύλῳ,

472 4384 530 4439 τοὺς
547 4383 605 4438 νοῦς
624 4377 644 4428 δ’
662 4380 796 4445 ἀγοραίους
814 4377 890 4439 ἦττον
906 4379 922 4438 ἣ
939 4378 1026 4436 ’κεῖνος
1044 4383 1118 4428 ποιῶ.

278 4475 304 4521 in
321 4487 368 4536 quo
385 4471 590 4534 vituperationem
606 4470 729 4533 praecedit
745 4469 798 4517 leue
816 4469 870 4518 “ori
887 4469 1006 4518 rotundo''
1024 4469 1150 4532 Euripidis
1167 4468 1268 4518 tribute.
