3216 5154
789 418 830 478 29

308 605 381 669 Νοιι
407 603 507 690 igitur
531 595 634 668 animi
657 602 790 687 quidam
815 601 957 686 impetus
984 601 1040 665 sed
1065 599 1183 665 callida
1207 601 1337 683 ratioci-

265 717 354 783 natio
375 716 505 781 induxit
528 715 719 800 Euripidem
744 722 781 781 ut
801 715 864 779 diis
877 715 985 779 locum
997 714 1089 780 daret
1101 715 1134 779 in
1150 715 1334 800 tragoediis.

265 831 330 895 Hic
360 851 435 894 vero
466 829 497 894 ei
517 828 636 894 accidit
658 827 745 913 quod
769 850 864 913 saepe
888 827 957 892 fieri
985 807 1134 894 videmus
1158 850 1256 913 quum
1282 850 1339 914 per

264 943 374 1008 nisum
409 941 533 1028 aliquid
571 942 641 1007 loco
680 953 809 1008 morere
842 963 1013 1024 conamur,
1049 945 1086 1005 ut
1121 941 1177 1005 diu
1203 941 1337 1007 obstans

265 1055 386 1121 nostris
415 1055 558 1137 viribus,
583 1055 639 1120 ubi
665 1056 796 1120 tandem
821 1055 907 1120 cedit
927 1055 1013 1120 ultra
1037 1076 1135 1140 quam
1159 1055 1240 1120 satis
1262 1077 1338 1140 pro-

267 1167 364 1233 siliat.
404 1167 512 1234 Simili
534 1168 606 1254 lege
629 1168 752 1234 factum
777 1176 827 1234 est
850 1175 888 1232 ut
909 1167 1095 1252 Euripiden,
1121 1189 1222 1252 quum
1239 1167 1339 1233 semel

268 1279 330 1344 sibi
352 1280 567 1366 persuasisset
590 1281 789 1366 tragoediam
816 1302 947 1366 poscere
970 1280 1047 1345 deos
1072 1280 1223 1346 humanis
1244 1281 1339 1346 rebus

211 1477 214 1486 Ι
268 1414 302 1457 se
326 1392 567 1476 immiscentes,
591 1393 625 1461 in
651 1393 693 1480 iis
716 1395 836 1459 utendo
862 1394 994 1459 modum
1016 1393 1079 1459 sibi
1101 1411 1220 1478 ponere
1235 1395 1339 1459 nesci-

268 1509 370 1586 verit3
393 1507 504 1592 itaque
524 1507 602 1573 dum
627 1507 813 1591 Charybdin
835 1514 928 1573 caute
952 1505 1054 1572 vitare
1077 1507 1140 1572 sibi
1158 1507 1339 1589 videbatur,

258 1618 457 1705 ¹imprudens
492 1619 524 1684 in
560 1620 703 1704 Scyllam
734 1620 866 1703 incidit,
903 1641 967 1684 non
994 1621 1104 1686 minus
1132 1623 1340 1688 metuendam

269 1719 399 1820 gurgite
422 1755 518 1820 quem
542 1734 681 1819 fugerat
729 1733 858 1798 Passim
880 1733 949 1819 ejus
972 1733 1102 1799 fabulae
1120 1741 1246 1800 scatent
1257 1735 1339 1812 diis;

271 1869 365 1933 saepe
395 1846 465 1932 jam
498 1848 619 1912 adsunt
656 1847 712 1912 nbi
751 1847 910 1932 premitur
947 1847 1117 1930 aulaeum,
1156 1848 1211 1934 qui
1247 1848 1341 1912 nobis

270 1959 381 2026 futura
403 1965 541 2044 canant,
566 1959 712 2025 iracundi
736 1983 833 2046 saepe
848 1967 880 2026 et
895 1983 997 2047 paene
1014 1961 1143 2027 scelesti
1155 1963 1176 2038 ¹3
1194 1967 1227 2026 et
1243 1961 1341 2026 etiarn

271 2073 299 2138 si
323 2094 377 2138 eos
401 2094 467 2138 non
489 2073 656 2158 videmus,
681 2073 803 2139 scimus
826 2075 992 2140 tamenin
1015 2074 1156 2140 nubibus
1169 2073 1220 2138 vel
1231 2073 1342 2159 potins

271 2187 305 2249 in
338 2185 489 2251 machina
520 2187 660 2271 pendere
695 2187 870 2266 sublimes,
903 2188 1018 2274 quovis
1042 2187 1198 2273 temporis
1221 2192 1344 2272 puncto

272 2304 401 2384 paratos
423 2299 458 2363 in
484 2305 602 2365 terram
629 2301 777 2366 devolare
800 2306 838 2365 ut
861 2301 1033 2366 hominum
1057 2320 1108 2368 res
1131 2301 1258 2388 quietas
1273 2307 1343 2365 tur⁴

273 2414 368 2497 beni,
405 2418 463 2477 aut
497 2413 598 2479 nodos
633 2414 821 2479 rescindant
856 2415 1062 2480 terrestribus
1094 2415 1246 2480 manibus
1279 2430 1344 2478 non

273 2525 454 2590 solvendos.
502 2526 636 2591 Atenim
664 2549 739 2592 cum
764 2532 892 2592 tantum
917 2528 1018 2592 situm
1043 2527 1145 2592 sitin
1170 2525 1344 2607 coelicolis,

273 2639 329 2703 vix
362 2639 550 2705 hominibus
584 2662 661 2705 snae
693 2647 801 2725 partes
834 2646 977 2719 restant3
1013 2663 1078 2706 non
1106 2645 1211 2726 agunt
1233 2639 1268 2704 hi
1289 2641 1345 2704 sed

274 2758 432 2838 aguntum
442 2775 547 2840 pupas
558 2754 649 2819 nobis
660 2755 767 2820 videre
776 2755 923 2820 videmur
932 2755 965 2818 in
977 2775 1072 2818 scena
1080 2755 1345 2838 νευροσπάστους,

274 2885 411 2950 quorum
445 2865 502 2930 fila
535 2873 707 2932 teneantur
739 2891 759 2932 a
793 2868 1002 2950 numinibus,
1036 2855 1263 2950 utnusquam
1288 2886 1347 2930 sua

276 2985 392 3063 sponte
417 3003 451 3046 se
475 3003 604 3046 movere
626 2981 757 3066 possint
782 2981 838 3047 sed
865 2981 929 3046 buc
951 2980 1029 3046 illuc
1050 2979 1221 3045 trahantur
1241 2977 1348 3043 alieno

275 3091 418 3157 arbitrio
465 3095 512 3159 At
545 3095 617 3180 quis
646 3117 790 3182 unquam
813 3095 992 3160 admiratus
1020 3093 1071 3158 vel
1102 3093 1274 3157 miseratus
1298 3098 1348 3156 est

276 3210 418 3290 pupam?
464 3207 604 3274 Necesse
625 3217 675 3274 est
701 3216 886 3294 spectemus
908 3208 1057 3274 homines
1079 3207 1184 3272 nostri
1208 3203 1346 3283 similes,

276 3327 314 3386 ut
344 3339 456 3386 eornm¹
481 3322 550 3388 fata
581 3345 639 3387 nos
665 3331 797 3408 tangere
818 3323 956 3408 possint.
1006 3321 1161 3406 Quisquis
1181 3340 1258 3384 vero
1281 3339 1347 3382 non

277 3455 406 3498 servum
440 3435 490 3499 vel
514 3457 637 3500 merum
663 3435 919 3502 instrumentum
941 3437 997 3501 scd
1019 3435 1186 3500 hominem
1209 3431 1348 3496 liberum

275 3671 371 3734 superis
396 3684 469 3720 curuo
495 3668 541 3730 sit,
568 3678 596 3718 nt
616 3670 641 3717 in
667 3669 711 3718 hac
729 3669 780 3732 ipsa
796 3682 893 3732 qnoque
909 3667 998 3716 fabula
1033 3666 1082 3717 Ubi
1100 3667 1130 3714 da
1149 3680 1193 3714 sua
1209 3662 1307 3726 origine
1323 3677 1349 3710 sc

276 3761 389 3809 dubitare
414 3760 520 3817 seretur,
546 3758 606 3808 mihi
631 3759 659 3807 in·
682 3766 791 3807 mentem
816 3766 916 3807 revocat
937 3754 1022 3818 jocum
1047 3753 1241 3817 Aristophanis,
1261 3752 1303 3814 qui
1319 3753 1349 3798 de

276 3861 345 3915 patre
362 3850 529 3914 interrogatus
546 3850 673 3913 respondit
690 3848 810 3898 versiculo
826 3847 974 3898 Homerico:

340 3941 422 4005 μήτηρ
439 3939 486 4005 μέν
503 3939 528 3989 ri
545 3939 574 4003 μέ
592 3951 651 4004 φησι
667 3940 713 3988 τοῦ
730 3940 846 4002 ἔμμεναι,
864 3938 945 4002 αὐτὰρ
962 3936 1037 4002 ἔγωγε

341 4032 386 4080 οὐκ
404 4029 457 4091 οἶδ’,
473 4029 505 4078 οὐ
522 4028 570 4094 γάρ
588 4028 628 4078 πό
645 4045 682 4085 τις
700 4026 745 4076 lov·
758 4025 837 4092 γόνον
853 4026 930 4083 αὐτὸς
947 4023 1053 4090 ἁνέγνω.
1072 4023 1183 4087 (Proleg.
1202 4022 1283 4072 Arist.
1295 4020 1349 4069 XII

277 4119 366 4183 Diod)
383 4148 412 4155 -
432 4119 527 4170 Similia
544 4126 645 4182 possent
661 4116 789 4166 observari
806 4117 836 4165 da
853 4115 908 4164 loco
924 4115 949 4164 in
967 4115 1094 4165 Troadum
1105 4113 1187 4161 sabula
1195 4126 1231 4159 vs.
1241 4111 1290 4160 969
1298 4125 1349 4173 sqq.

313 4209 335 4256 ἰ
354 4211 435 4258 ‘'Dass
461 4225 491 4258 ru
516 4211 563 4258 den
585 4206 740 4272 Tragilarm
758 4205 851 4254 welche
868 4205 920 4254 sich
937 4203 1007 4254 nicht
1022 4203 1143 4252 schamen
1159 4194 1306 4250 die'Gdtter
1324 4199 1350 4246 in

278 4299 454 4362 “unwiirdiger
479 4298 564 4348 Weiss
580 4295 700 4346 australes
719 4310 749 4343 aa
765 4294 858 4353 lassae,
874 4292 1008 4356 Euripides
1024 4291 1130 4355 gehbre,
1147 4290 1209 4339 wird
1226 4288 1348 4338 Niemand

278 4389 320 4435 “in
347 4387 449 4439 Abrede
471 4387 573 4444 usellen,
590 4400 618 4434 so
635 4385 737 4448 giinsrig
755 4397 782 4432 er
798 4382 861 4430 auch
877 4389 946 4430 sonst
963 4381 1024 4430 iiber
1039 4381 1087 4430 den
1104 4379 1209 4428 Dicbter
1227 4376 1353 4426 urtheilen

279 4475 379 4540 “mag'’
414 4476 528 4527 Schoem.
544 4476 588 4527 Gr.
609 4472 731 4524 Alterth³
748 4473 784 4531 11,
801 4488 856 4536 pag.
876 4473 932 4520 589,
