3222 5170
762 421 804 480 99

239 627 366 692 quoque
404 606 439 669 in
470 609 563 690 parte
585 601 654 688 ejus
680 623 810 667 causam
835 607 997 688 tueretur,
1022 605 1165 690 exceptis
1189 609 1318 672 tantum

241 719 397 786 Barnesio
430 724 464 784 et
491 716 672 802 Lessingio.
698 717 825 782 Horum
850 717 1008 802 alterum,
1033 718 1165 784 doctum
1188 719 1320 805 quidem
1390 773 1395 782 .

241 833 298 898 sed
320 851 437 919 parum
461 830 588 897 subacti
610 830 736 916 ingenii
758 829 925 916 Anglum,
950 831 1002 897 hic
1025 832 1164 897 missum
1181 832 1318 912 faciam3

240 947 322 1012 alter
345 967 440 1029 vcro,
465 945 521 1030 qui
550 944 592 1008 ad
614 943 757 1009 scenicas
781 963 831 1009 res
855 941 1079 1030 dijudicandas
1103 951 1175 1011 tum
1199 967 1320 1032 magna

240 1057 421 1128 eruditione
444 1067 513 1125 tum
539 1059 644 1124 multo
668 1079 730 1123 usu
753 1063 822 1124 erat
845 1058 1090 1145 paratissimus,
1104 1079 1181 1125 sane
1199 1058 1319 1145 dignus

239 1181 291 1240 est
314 1174 355 1240 ad
378 1173 469 1259 cujus
494 1171 680 1258 opinionem
702 1190 780 1236 mox
803 1171 1020 1237 attendamus.

287 1288 322 1353 si
345 1286 447 1374 igitur
469 1285 660 1372 inquisituri
683 1305 815 1368 sumus,
842 1285 961 1371 quibus
984 1285 1074 1354 vitiis
1098 1285 1225 1372 prologi
1253 1285 1320 1352 Eu—

241 1400 357 1486 ripidis
389 1399 555 1482 laborent,
584 1398 655 1484 jam
691 1396 805 1462 rtatim
839 1397 988 1464 videmus
1024 1420 1079 1464 eos
1102 1421 1174 1465 erse
1197 1399 1321 1485 aliquid

240 1512 337 1598 plane
359 1513 435 1579 novi
451 1515 472 1578 ¹.
497 1510 650 1578 Notabile
673 1510 824 1596 inprimis
847 1512 929 1576 mihi
952 1512 1101 1597 videtur,
1121 1513 1182 1579 hoc
1196 1532 1322 1598 quoque

241 1628 372 1692 nomine
397 1626 562 1712 Euripidis
586 1623 713 1692 fabulas
737 1607 780 1690 ad
801 1642 920 1692 novam
936 1626 1138 1692 comoediam
1156 1625 1321 1707 accedere,

241 1741 275 1805 in
311 1759 375 1825 qua
409 1738 512 1804 moris
531 1737 634 1804 fuisse
663 1755 702 1802 ex
726 1737 910 1804 imitatione
934 1739 1127 1804 Latinorum
1150 1739 1321 1820 novimus,

241 1859 280 1918 ut
302 1858 477 1938 antequam
500 1849 684 1916 diverbium
707 1849 930 1933 inchoaretur,
955 1851 1143 1937 menologia
1165 1850 1321 1936 velprae«

241 1966 365 2032 satione
388 1987 426 2031 ea
448 1970 673 2031 enarrarentur
696 1965 933 2050 spectatoribus
958 1965 998 2030 de
1021 1972 1177 2050 tempore,
1201 1966 1273 2032 loeo
1288 1971 1322 2030 et

242 2079 372 2145 fabulae
388 2079 540 2165 'personis
564 2099 646 2165 quae
668 2095 938 2168 praecognoscere
953 2099 1123 2145 necessum
1135 2084 1228 2145 esset.
1247 2079 1321 2144 Non

242 2192 357 2260 dubito
387 2193 466 2279 quin
498 2198 584 2258 recte
610 2191 784 2276 judicent²
806 2192 863 2277 qui
885 2211 925 2258 ex
947 2193 1092 2258 novitate
1114 2198 1322 2278 argumento·

242 2324 316 2371 rum
345 2325 477 2373 causam
505 2305 602 2392 hujus
625 2305 771 2371 instituti
793 2309 960 2391 repetunt3
978 2320 1055 2372 nam
1078 2305 1180 2372 donec
1204 2305 1323 2372 tradita

243 2421 470 2487 tantummodo
491 2421 562 2486 sine
584 2419 766 2484 mutatione
789 2419 1032 2504 tractabantur,
1058 2420 1109 2486 vel
1133 2421 1204 2507 ipso
1224 2419 1322 2486 titulo

243 2535 399 2600 dramatis
423 2534 535 2600 audito
558 2538 754 2618 spectatores
782 2554 819 2597 ea
842 2533 989 2599 sciebant
1013 2555 1095 2619 quae
1120 2534 1160 2598 ad
1176 2533 1322 2599 fabulam

243 2648 324 2714 bene
365 2647 613 2733 intelligendam
656 2645 858 2723 sufficerent3
901 2651 1075 2734 postquam
1114 2668 1189 2712 vero
1223 2647 1323 2713 veteri

244 2762 428 2849 tragoediae
450 2781 534 2827 nova
557 2759 713 2825 successit
734 2758 901 2856 comoedia
924 2780 1005 2844 qnae
1028 2758 1063 2824 in
1084 2758 1210 2827 fictitiis
1226 2761 1323 2846 plane

244 2875 445 2961 argumentis
478 2874 689 2959 personisque
721 2872 926 2956 versabatur,
960 2872 1075 2937 dehis
1099 2871 1323 2960 aliquaprae-
1410 2925 1413 2931 .

244 2986 382 3053 monitio
416 2987 592 3053 debebatur
624 2985 817 3071 spectatori,
843 2985 923 3051 talia
945 2985 1010 3052 fere
1033 2987 1250 3072 complectens
1274 2986 1325 3051 uti

244 3122 331 3166 nunc
364 3101 519 3187 leguntur
552 3101 586 3164 in
621 3099 743 3165 tabella
777 3100 867 3186 prelo
890 3121 1026 3182 excusa,
1055 3122 1137 3186 quae
1160 3100 1324 3165 theatrum

245 3213 444 3279 intrantibus
487 3211 594 3278 offerri
634 3212 726 3279 solet.
771 3211 944 3298 Euripides
977 3220 1105 3297 autern,
1145 3229 1233 3279 more
1266 3225 1324 3278 suo

246 3325 390 3392 medium
413 3325 575 3413 quendam
598 3347 729 3392 currum
752 3333 879 3411 tenens,
904 3326 1011 3392 multa
1032 3349 1164 3412 prorsus
1188 3350 1272 3393 nova
1291 3333 1324 3392 et

247 3463 266 3506 a
300 3463 334 3506 se
366 3439 443 3506 ficta
475 3440 613 3506 inseruit
647 3440 792 3526 antiquis
827 3440 993 3525 historiis,
1022 3441 1069 3507 ita
1091 3448 1129 3507 ut
1151 3463 1323 3527 personae,

247 3576 326 3640 quas
361 3554 451 3620 ducit
485 3555 520 3618 in
559 3574 699 3637 monam,
739 3553 905 3620 interdum
943 3553 1028 3618 nihil
1057 3560 1183 3640 praeter
1204 3576 1324 3620 nomen
1366 3594 1368 3603 ι

248 3690 265 3731 e
299 3667 428 3732 traditis
465 3665 704 3732 narrationibus
740 3663 947 3732 servaverint.
989 3666 1078 3733 Haeo
1112 3665 1214 3752 igitur
1221 3715 1230 3750 ‚
1260 3667 1325 3733 nisi

282 3852 290 3883 ¹
307 3851 460 3912 Mommsen,
486 3852 558 3905 Ram.
584 3847 686 3905 (leuch.⁶
708 3855 735 3913 Ι,
750 3865 808 3920 pag.
824 3853 885 3906 908:
911 3852 979 3906 “Die
994 3853 1134 3905 hedsrlieha
1150 3853 1255 3913 maner,
1277 3855 1325 3904 den

248 3944 368 3992 “Knoten
384 3941 530 3992 durch-den
546 3941 640 4006 Prolog
657 3956 688 3993 aa
705 3937 824 3993 ahurzon
840 3943 891 3993 und
908 3944 986 3994 durch
1002 3945 1057 3993 eino
1069 3941 1326 4008 octauamuernsng

249 4033 324 4081 “oder
349 4032 405 4081 etna
433 4031 546 4082 ahnlicha
570 4028 715 4095 Plumphcu
739 4043 770 4081 su
795 4030 877 4092 lusan,
898 4030 942 4082 hat
957 4031 1028 4084 recht
1044 4031 1178 4097 cigentlich
1194 4025 1326 4096 huupidss

250 4119 450 4184 “aulgebracht.”

281 4208 293 4240 ²
310 4209 466 4275 Schlsgslius
483 4210 520 4270 (δι
536 4205 683 4274 Vorlosnng
704 4209 764 4260 iiber
781 4209 859 4260 drsm
877 4209 961 4260 Kunst
976 4207 1027 4259 und
1043 4209 1113 4272 Lis),
1125 4209 1157 4260 G.
1167 4211 1326 4261 Hermonem

251 4299 337 4361 (prael.
361 4300 398 4348 ad·
418 4297 492 4362 Soph.
518 4297 611 4348 Eleum.
635 4313 701 4362 pag:
720 4297 768 4362 X),
790 4299 824 4349 K.
849 4299 878 4351 Ο.
896 4299 1018 4350 Mullems
1036 4297 1090 4362 (Gr.
1107 4295 1169 4348 Lus
1184 4299 1268 4364 gesch.
1285 4297 1326 4358 11,

251 4401 275 4448 p.
294 4389 363 4451 lw);
379 4388 468 4452 quibus
480 4387 651 4452 obloquentem
660 4387 850 4453 Pfluglrinnr(in
860 4403 904 4438 sua
912 4383 1041 4452 Euripidis
1049 4387 1163 4448 editions,
1171 4402 1195 4450 p.
1204 4387 1326 4440 XXXVI

251 4476 429 4541 praefationis),
447 4492 495 4541 ego
512 4478 654 4541 intelligere
671 4492 720 4528 non
736 4479 812 4542 potui.
