3216 5154
789 367 829 429 76

271 555 403 640 longas;
428 559 462 619 et
484 554 540 618 ubi
564 553 615 618 vel
636 552 807 618 minimam
834 573 948 616 ansam
971 549 1034 615 sibi
1049 549 1357 634 praebitamvidet„

271 665 421 752 producit
441 667 570 733 heroem
596 665 647 731 vel
671 665 839 731 heroinam
861 663 958 750 plane
981 663 1102 729 forensi
1123 661 1248 727 ratione
1264 683 1339 727 cau-

272 802 341 844 sam
373 801 465 845 suam
495 779 722 846 defendentem
752 779 905 843 adversus
938 775 1079 861 aliquem
1111 779 1340 855 accusatorem,

272 893 358 959 hunc
389 913 516 978 quoque
547 914 586 957 ex
610 891 737 977 legibus
762 889 918 955 oratoriae
941 889 1020 954 artis
1044 888 1217 972 dicentem,
1241 910 1340 973 quum

225 1052 226 1056 =
272 1007 387 1072 chorus
419 1027 514 1090 saepe
541 1004 661 1089 judicis
692 1007 927 1089 agatpartes,
961 1008 994 1068 et
1024 1002 1151 1088 quotics
1178 1002 1220 1066 ad
1242 1001 1340 1067 finem

272 1120 428 1205 perducta
447 1125 498 1184 est
520 1117 622 1182 oratio
646 1116 832 1202 opinionem
855 1137 948 1181 suam
968 1116 1053 1199 edat,
1071 1137 1135 1182 uuo
1151 1117 1341 1202 plerumque

273 1232 422 1299 disticho,
470 1231 541 1296 Viri
570 1231 620 1295 illi
647 1237 681 1296 et
702 1229 873 1312 mulieres,
898 1251 978 1315 quos
996 1229 1067 1316 jam
1091 1252 1188 1317 supra
1199 1229 1341 1297 vidimus

276 1347 365 1432 (pag.
392 1347 433 1412 59
459 1347 524 1432 sq.)
548 1345 583 1409 in
606 1346 701 1410 rebus
728 1344 863 1429 trepidis
888 1365 983 1429 saepe
1004 1365 1116 1409 vacare
1140 1342 1341 1429 disquisitio·

274 1462 370 1528 nibus
393 1460 645 1548 philosophicis,
671 1480 735 1526 nen
760 1458 869 1524 minus
895 1480 1007 1543 saepe,
1034 1458 1067 1522 in
1092 1463 1218 1523 astutos
1234 1458 1342 1524 subito

275 1580 414 1641 oratores
439 1576 599 1658 conversi,
623 1597 680 1660 per
702 1595 815 1639 omnes
841 1578 927 1638 artes
947 1572 1090 1639 forenses
1107 1595 1343 1640 causamsuam

276 1687 359 1754 tueri
387 1688 503 1755 sciunt.
553 1689 627 1754 Non
657 1688 777 1754 mirum
805 1687 926 1773 igitur,
955 1709 975 1750 a
999 1684 1220 1766 Quinctiliano
1245 1685 1342 1750 Euri-

274 1800 384 1887 pidem
406 1800 479 1866 ideo
502 1823 578 1887 prae
599 1801 733 1867 caeteris
752 1800 962 1886 scriptoribus
982 1799 1114 1885 tragicis
1125 1800 1343 1865 commendari

271 1913 439 1998 juventuti
462 1913 505 1979 ad
527 1913 729 1999 eloquentiae
754 1912 900 1978 studium
921 1934 955 1978 se
975 1911 1154 1997 applicanti
1172 1917 1208 1986 ¹„
1241 1913 1343 1994 Quin-

276 2036 330 2094 tus
359 2027 470 2094 Oicero
501 2033 613 2093 tantus
636 2031 706 2092 erat
726 2026 892 2112 Euripidis
917 2025 1111 2110 admirator,
1135 2032 1174 2092 ut
1196 2027 1343 2112 singulos

276 2140 346 2225 ejus
370 2161 480 2205 versus
506 2139 635 2224 singula
659 2138 848 2204 testimonia
863 2139 1028 2216 vocaret²;
1050 2160 1109 2204 nec
1120 2137 1255 2205 minoris
1270 2162 1344 2206 eum

277 2253 416 2318 faciebat
449 2253 597 2336 Marcus,
633 2273 729 2338 quem
764 2252 796 2315 iu
830 2251 945 2317 Medea
975 2251 1114 2337 legenda
1135 2258 1345 2338 occupatum,

277 2388 378 2453 quum
408 2365 522 2432 lectica
553 2367 593 2431 ad
625 2365 724 2431 maris
746 2364 825 2431 litus
849 2365 1037 2449 deferretur,
1062 2365 1198 2432 offendit
1221 2366 1345 2433 Laenas

278 2502 352 2546 oum
377 2479 499 2546 sicariis
516 2487 537 2544 3.

324 2593 391 2659 Vix
410 2593 479 2660 ulla
502 2594 668 2680 tragoedia
691 2594 869 2681 Euripidae
881 2593 941 2660 tali
953 2594 1083 2680 dialogo
1095 2594 1233 2660 oratorio
1249 2600 1358 2660 caret'

280 2710 319 2774 ln
354 2708 490 2775 Hecuba
521 2708 672 2793 audimus
705 2709 953 2794 Polymnestora
983 2714 1016 2774 et
1049 2707 1216 2774 Hecubam
1240 2729 1348 2774 coram

280 2824 527 2910 Agamemnone
560 2824 779 2908 disceptantes
794 2828 815 2888 ⁴.
866 2821 995 2889 Orestes
1027 2823 1062 2886 in
1090 2822 1277 2908 cognomini
1298 2821 1348 2888 fa-

280 2934 358 3000 bula
380 2942 519 3002 matrem
534 2935 608 3021 jure
630 2959 650 3001 a
670 2958 705 3001 se
726 2936 865 3002 occisam
886 2958 957 3002 esse
982 2936 1117 3021 probare
1138 2935 1249 3001 studet
1263 2935 1349 3020 Tyn-

282 3048 393 3133 dareo,
426 3049 505 3115 satis
535 3049 727 3135 sophistice,
760 3055 793 3115 e't
826 3056 892 3115 tam
915 3050 1043 3134 placide
1066 3059 1104 3115 ut
1126 3050 1181 3113 vix
1204 3049 1349 3114 aFuriis

286 3196 501 3210 --—-—...

317 3259 324 3290 ¹
357 3255 473 3322 Quinctil,
490 3261 525 3321 X,
545 3263 566 3320 1,
580 3261 624 3315 67:
656 3259 721 3310 “Sed
741 3262 815 3324 louge
834 3261 923 3310 elarius
941 3261 1080 3326 [Aeschylo
1096 3261 1226 3324 nimirum]
1244 3260 1350 3310 illustra-

284 3355 390 3400 “verunt
415 3350 462 3400 hoc
487 3366 547 3415 opus
572 3351 706 3415 Sophocles
725 3360 798 3416 atque
821 3352 967 3415 Euripides,
982 3365 1087 3415 quorum
1103 3351 1129 3400 iu
1145 3350 1237 3414 dispari
1254 3350 1351 3400 dicendi

283 3441 341 3491 “via
365 3449 421 3492 uter
449 3442 481 3492 sit
504 3450 578 3506 poeta
604 3443 704 3503 melior,
728 3443 793 3492 iuter
818 3441 939 3506 plurimos
953 3441 1088 3505 quaeritur.
1121 3442 1198 3504 quue
1215 3455 1263 3504 ego
1285 3455 1352 3498 saue,

284 3532 417 3596 “quoniam
441 3532 473 3580 ad
499 3537 653 3595 praesentem
680 3532 811 3582 materiem
834 3531 898 3581 nihil
918 3531 1038 3594 pertinet,
1055 3529 1217 3592 injudicatum
1232 3531 1353 3595 relinquo.

285 3623 366 3672 “Illud
383 3622 483 3687 quidam
499 3636 573 3671 nemo
589 3635 638 3670 uon
656 3621 762 3672 fateatur
778 3635 877 3671 necasse
893 3627 942 3679 est,
959 3620 989 3668 iis
1005 3623 1046 3684 qui
1062 3635 1088 3670 se
1105 3622 1137 3668 ad
1151 3621 1276 3684 agendum
1287 3635 1352 3670 com·

286 3715 389 3775 “parant
410 3710 533 3761 utiliorem
548 3711 623 3776 longe
641 3710 787 3774 Euripidem
804 3710 864 3760 fore.
897 3711 1011 3774 Namque
1027 3710 1048 3758 is
1065 3717 1091 3759 st
1105 3709 1132 3758 iu
1148 3724 1260 3760 sermone
1278 3710 1352 3774 (quod

286 3799 384 3862 “ipsum
408 3799 596 3863 reprehendunt
616 3800 703 3863 quibus
719 3799 832 3864 gravitas
849 3806 873 3848 et
888 3798 1024 3848 cothurnus
1041 3804 1067 3847 et
1082 3813 1157 3847 sonus
1173 3797 1302 3861 Sophoclis
1318 3797 1353 3846 vi-

286 3889 374 3939 “detur
391 3904 446 3940 esse
465 3890 603 3953 sublimior)
623 3890 704 3954 magis
720 3888 816 3939 accedit
831 3890 939 3954 oratorio
955 3888 1055 3952 genem
1071 3895 1097 3936 et
1112 3887 1239 3936 sententiis
1256 3886 1353 3944 densus,

286 3984 327 4029 “et
352 3980 378 4028 in
402 3979 433 4028 iis
454 3994 516 4044 quae
539 3996 554 4029 a
570 3979 721 4044 sapientibus
738 3979 827 4029 tradita
843 3986 900 4032 sunt
915 3991 994 4042 paene
1008 3977 1069 4040 ipsis
1085 3992 1142 4040 par,
1161 3983 1186 4026 et
1204 3977 1230 4024 in
1247 3976 1349 4025 dicendo

288 4073 331 4119 “ac
354 4069 524 4133 respondendo
543 4068 644 4118 cuilibet
659 4082 745 4126 eorum
764 4068 805 4132 qui
822 4067 922 4117 fuerunt
938 4066 964 4114 in
980 4067 1034 4116 foro
1049 4065 1135 4116 diserti
1151 4063 1354 4130 comparandus.”

320 4159 331 4192 ²
363 4159 414 4211 Cic.
431 4158 509 4222 Epist.
526 4160 556 4208 ad
573 4157 631 4208 fam.
647 4158 769 4208 XVIz8.

320 4250 329 4280 ³
363 4248 547 4312 Hephaestione
562 4255 624 4298 teste
645 4249 679 4307 V,
697 4250 720 4297 5.

322 4340 331 4372 ⁴
363 4339 404 4388 Ita
425 4347 465 4397 ut,
482 4347 657 4401 contraquam
674 4340 775 4387 suadeat
793 4337 863 4395 ratio,
881 4351 955 4400 quum
973 4351 988 4383 a
1004 4336 1103 4384 moestis
1118 4333 1355 4397 vehementibusque

289 4429 393 4492 querelis
411 4429 530 4492 inceperit
547 4428 641 4488 fabula,
657 4428 754 4478 desinat
769 4428 794 4476 iu
811 4433 912 4490 argutas
929 4425 972 4475 scd
989 4425 1047 4474 satis
1063 4424 1165 4487 frigidas
1183 4423 1312 4474 orationes.
