3216 5154
818 427 837 485 4

295 615 345 674 ret
369 631 426 694 pro
450 610 526 675 novi
546 609 616 674 aevi
639 607 757 673 studiis
780 613 813 672 et
836 608 971 694 antiqua
982 613 1098 672 cuncta
1115 607 1321 696 impugnaret
1340 610 1361 691 ¹,

295 733 352 796 per
385 712 490 797 legem
515 712 606 777 illam
634 715 798 776 aeternam
819 711 916 774 modo
949 699 1231 776 commemoiatam
1258 711 1364 777 effecit

295 820 333 879 ut
359 816 457 880 etiarn
489 821 634 902 surgeret
660 814 894 898 Aristophanes
913 815 935 898 ²,
964 814 1019 900 qui
1041 819 1182 879 veterem
1203 813 1363 880 πολιτείαν

296 918 469 984 Soloneam
500 919 632 1005 ejusque
661 918 829 1003 opiniones
862 917 1014 982 adversus
1039 939 1092 982 eos
1114 917 1170 1002 qui
1192 939 1290 983 novas
1313 940 1362 982 res

295 1021 486 1087 molirentur
509 1021 701 1086 defenderet.

340 1124 389 1189 De
409 1124 474 1190 ista
494 1147 623 1210 pugna·
639 1125 668 1190 si
690 1125 775 1190 veris
797 1124 984 1189 nominibus
1005 1123 1083 1189 ficta
1106 1124 1302 1189 substituere
1321 1124 1361 1188 li-

294 1232 356 1310 cet,
378 1226 451 1312 jure
474 1227 653 1312 praedicari
675 1233 784 1312 potest
809 1227 914 1312 verbis
933 1227 1091 1292 Maronis:
1118 1225 1288 1293 Certamen
1301 1228 1363 1292 erit
1426 1297 1427 1300 Ἴ

296 1329 445 1413 Corydon
468 1352 542 1396 curn
564 1331 719 1415 Thyrside
740 1352 905 1416 magnum.
942 1330 1015 1395 Non
1040 1330 1110 1395 leve
1135 1336 1219 1395 certe
1235 1331 1361 1416 pondus

295 1431 386 1496 addit
407 1433 609 1498 dimicationi
630 1433 798 1519 utriusque
818 1433 983 1518 promachi
1007 1433 1181 1516 claritudo,
1208 1435 1361 1519 utmagis

296 1535 496 1602 attendimus
529 1537 557 1602 si
586 1536 732 1602 Achilles
767 1558 840 1601 curn
869 1536 1008 1601 Hectore
1041 1542 1091 1602 est
1114 1541 1360 1622 congressurus,
1443 1570 1452 1594 s

296 1659 392 1722 quarn
416 1638 473 1703 ubi
501 1637 541 1704 de
561 1639 820 1724 Myrmidonibus
842 1639 1026 1724 gregarium
1051 1639 1191 1704 militem
1214 1639 1361 1705 videmus

295 1742 329 1804 in
354 1739 526 1827 lhojanum
557 1742 743 1828 quempiam
775 1741 904 1806 irruere.
953 1741 1067 1826 Neque
1088 1742 1122 1805 in
1145 1741 1283 1826 ignobili
1304 1764 1361 1827 pa-

294 1844 412 1909 laestra
433 1850 595 1910 certarnen
617 1845 673 1910 fit:
698 1865 756 1930 pro
779 1866 875 1909 arena
897 1849 948 1909 est
970 1843 1223 1909 Atheniensium
1235 1844 1360 1928 civitas,

294 1968 357 2032 quo
378 1953 522 2032 ternpore
545 1948 714 2034 adipsum
739 1967 815 2012 suae
837 1946 959 2032 gloriae
981 1945 1150 2031 fastigium
1174 1957 1362 2032 pervenerat

293 2049 414 2135 etjam
437 2051 471 2115 in
495 2051 649 2136 abyssum
672 2050 842 2136 vergebat,
867 2050 902 2113 in
925 2070 1040 2134 quern,
1069 2070 1132 2134 quo
1159 2049 1257 2115 altius
1281 2051 1359 2115 erni-¹

292 2159 426 2237 nuerat,
451 2176 487 2219 eo
510 2155 656 2239 graviore
679 2174 755 2218 casu
778 2174 855 2216 mox
873 2161 942 2222 erat
965 2153 1142 2237 delapsura.
1172 2187 1176 2198 ·

338 2257 400 2322 Sed
419 2279 460 2322 ne
483 2258 612 2343 regulae
636 2256 848 2322 Horatianae:

426 2363 515 2425 “non
538 2360 584 2426 sic
607 2359 768 2446 incipiesr
790 2359 927 2424 cantabo
950 2358 1059 2424 nobile
1082 2359 1226 2425 bellum''

291 2462 411 2528 oblitus
443 2485 514 2529 esse
541 2463 662 2548 videar,
696 2463 829 2528 verbum
859 2459 924 2526 nori
947 2462 1064 2528 addam
1098 2485 1160 2549 quo
1192 2486 1359 2530 monoma-
1414 2500 1418 2508 ·

291 2567 397 2632 chiam
420 2587 517 2652 quarn
543 2588 616 2632 su1n
639 2567 859 2652 descripturus
881 2566 1056 2648 extollam,
1087 2589 1127 2632 ne
1149 2573 1224 2653 post
1248 2568 1359 2633 erube·

292 2690 398 2750 scam,
434 2669 620 2735 admonitus
650 2669 746 2755 hujus
777 2690 903 2755 quoque
930 2668 1010 2734 dicti
1037 2669 1225 2736 Horatiani:
1258 2671 1359 2757 “quid

291 2777 383 2836 tanto
404 2772 497 2838 hiatu
520 2772 657 2858 dignum
681 2772 833 2839 tulisti?'’
881 2771 1047 2838 Disseram
1070 2773 1109 2838 de
1129 2773 1358 2858 Aristophane,

291 2897 400 2941 severo
425 2877 592 2962 Euripidis
610 2877 740 2962 judice,
767 2899 824 2962 pro
847 2899 916 2942 mea
936 2875 1039 2941 virili:
1052 2877 1197 2960 veniam,
1210 2878 1358 2944 siminus

290 2981 495 3066 satisfecero,
527 2981 567 3046 ab
600 2981 711 3067 aequis
742 2981 933 3065 lectoribus,
963 2981 1082 3066 quihus
1109 2981 1154 3047 rei
1184 2980 1358 3047 difficultas

290 3093 340 3149 est
363 3084 509 3169 cognita,
537 3085 769 3170 impetraturus
794 3093 832 3150 ut
854 3105 947 3169 spero
969 3084 1139 3170 majorem,
1163 3099 1262 3170 quarn
1283 3084 1358 3149 huic

289 3186 410 3251 abillo
435 3208 577 3273 unquam
601 3187 666 3252 fuit
689 3209 850 3254 concessa

321 3410 330 3441 ¹
363 3412 432 3461 Bene
455 3426 507 3461 rem
532 3413 660 3476 perspexit
684 3413 856 3462 Bernhardiue
882 3412 982 3462 Griech.
1004 3412 1083 3461 Liter.
1099 3412 1135 3468 11,
1152 3413 1168 3460 2
1185 3427 1241 3476 pag.
1259 3414 1307 3462 396
1324 3414 1358 3474 (et

288 3491 411 3555 saepiunt:
446 3492 593 3555 “Euripides
610 3492 642 3541 iet
658 3492 762 3542 Dichter
779 3493 830 3540 und
851 3491 936 3556 Organ
954 3494 998 3541 der
1015 3491 1198 3543 Oehlokratie.”

319 3568 332 3600 ²
363 3571 435 3621 Idem
451 3587 507 3636 pag.
524 3573 585 3624 579:
606 3573 660 3621 vdie
676 3573 725 3622 alte
742 3572 864 3622 Kombdie
878 3574 1008 3622 standand
1017 3572 1058 3621 fiel
1067 3573 1112 3620 mit
1121 3572 1165 3620 der
1174 3571 1357 3623 Ochlokratie.''

317 3651 388 3700 Libri
416 3651 489 3716 hujus
515 3665 588 3714 saepe
613 3652 691 3701 adhuc
716 3653 830 3701 laudandi
856 3652 958 3716 paginas
983 3652 1060 3701 citabo
1087 3666 1120 3701 ex
1148 3651 1255 3701 editione
1284 3651 1357 3701 tertia

283 3731 345 3777 anni
365 3731 434 3783 1872.
955 3738 957 3742 '
