3216 5154
783 373 825 435 55

268 556 367 622 Vides
402 557 454 621 hic
485 577 586 641 quum
614 555 710 620 rideri
742 555 910 642 Euripidis
935 557 1118 641 speciosum
1142 564 1175 624 et
1197 562 1341 645 philoso-

266 670 398 755 phicum
429 669 557 735 dicendi
587 690 709 755 genus,
742 690 837 753 saepe
864 668 905 734 ad
928 691 966 735 ea
989 692 1116 756 quoquc
1140 675 1343 741 enuncianda

266 783 452 850 adhibitum
487 805 569 869 quse
602 783 681 848 trita
716 790 827 849 essent
862 790 895 848 et
927 784 1107 870 vulgaria‚-
1122 788 1209 871 quod
1232 788 1283 854 vel
1307 789 1341 853 in

259 897 413 982 janitoris
439 897 544 963 verbis
568 897 710 964 cernitur
734 897 797 981 (vs.
823 900 888 962 400
913 900 996 984 sq.),
1022 904 1094 963 tum
1119 899 1216 967 inane
1240 902 1342 967 subli-

265 1011 367 1076 mium
398 1033 505 1076 rerum
537 1011 701 1095 studium,
727 1011 783 1076 ubi
807 1011 983 1096 Euripides
1007 1013 1126 1079 dicitur
1150 1012 1339 1102 άναβάὸην1

264 1147 455 1211 componere
479 1124 689 1210 tragoediam.

310 1237 524 1305 Simillimum
564 1239 671 1306 locum
711 1240 902 1324 suppeditat
936 1217 1341 1326 Thesmophoriazusarum

263 1352 412 1429 initium,
448 1352 642 1419 Mnesilochi
672 1375 746 1419 cum
780 1353 938 1439 Euripide
961 1354 1131 1419 continens
1156 1355 1341 1441 dialogum:

307 1468 436 1532 Mnesil.
490 1467 517 1533 0
549 1468 743 1552 Euripides,
777 1469 928 1553 numquid
952 1491 973 1532 o
997 1479 1026 1532 te
1049 1469 1169 1534 discere
1193 1469 1263 1536 ticet
1284 1493 1343 1556 quo

485 1604 531 1647 me
553 1583 672 1647 ducas?

308 1698 384 1762 Eur.
489 1696 533 1761 At
554 1718 633 1782 qaue
656 1699 763 1761 statim
780 1716 937 1779 praesens
960 1693 1075 1760 videbis
1098 1717 1158 1761 noer
1182 1698 1295 1762 audire
1314 1707 1343 1760 te

486 1818 615 1894 oportet.

309 1923 437 1989 Mnesil.
491 1924 578 2006 Quid
597 1927 670 1989 uis?
717 1926 836 1989 Iterum
860 1924 925 1989 dic:
943 1945 1002 1988 nore
1015 1925 1342 2009 addiremeoportett

307 2038 383 2102 Eur.
488 2039 563 2102 Noa
586 2059 624 2102 ed
646 2059 725 2122 quae
747 2041 871 2102 visuras
893 2059 933 2103 es.

308 2152 436 2218 Mnesil.
485 2153 594 2238 Neque
605 2151 698 2236 forte
720 2152 825 2217 ridere
847 2174 894 2218 me
916 2159 1059 2238 oportet?

307 2266 383 2331 Eur.
489 2267 564 2332 Noa
586 2288 625 2331 ea
647 2287 726 2353 qaue
748 2265 878 2332 auribus
899 2277 973 2332 suat
990 2272 1208 2353 percipienda.

308 2382 436 2447 Mnesil.
489 2381 576 2463 Quid
596 2380 720 2446 tandem
732 2379 848 2465 jubes?
872 2381 960 2446 docte
983 2390 1086 2448 tumea
1110 2381 1250 2467 loqueris.
1278 2379 1340 2442 Di-

482 2499 528 2560 cis
550 2503 693 2580 oportere
716 2515 763 2558 me
786 2516 881 2580 aeque
904 2496 1016 2561 audire
1038 2517 1134 2581 aeque
1156 2493 1270 2560 videre.

307 2607 383 2673 Eur.
488 2610 578 2673 Haec
601 2608 662 2673 duo
684 2611 765 2671 caira
788 2617 908 2672 recture
931 2617 1005 2674 sunt
1027 2609 1175 2693 sep'dnetc.

307 2721 435 2786 Mnesil.
492 2721 605 2786 Videre
627 2729 656 2784 et
679 2719 815 2784 addire?

307 2835 383 2899 Eur.
488 2834 620 2900 Scilicet.

262 3021 504 3029 ———..-—-

296 3110 303 3141 ¹
338 3111 396 3160 Non
420 3111 492 3174 plano
515 3116 612 3159 constat
636 3106 758 3172 quidhoc
775 3107 921 3156 vocabulum
939 3107 1069 3172 significet.
1103 3107 1203 3158 Scholia
1219 3108 1280 3160 hacc
1299 3111 1339 3160 ha·

262 3201 331 3249 bont:
359 3199 505 3263 ἀναβάδην,
530 3201 584 3248 ἅνω
610 3199 669 3255 τούς
696 3197 779 3256 πόδας
804 3198 870 3261 ἔχων
894 3197 936 3246 ἐπὶ
963 3197 1063 3260 ὑψηλοῦ
1089 3199 1170 3247 τόπου
1192 3199 1340 3263 καθήμενος.

261 3290 332 3351 Quas
348 3289 429 3352 capiat
444 3289 484 3353 qui
501 3288 576 3351 capit.
611 3284 727 3348 Suspicor
744 3286 793 3344 duo
811 3286 1036 3349 interpretamenta
1051 3286 1202 3336 confluxisse
1219 3289 1243 3335 in
1255 3303 1341 3347 unum,

261 3388 287 3426 ct
311 3386 367 3441 post
391 3379 457 3442 ἔχων
481 3376 553 3440 plane
578 3376 780 3438 distinguendum
806 3388 873 3433 essa,
900 3383 927 3422 ut
953 3374 1063 3424 scholion
1081 3376 1117 3425 itu
1134 3384 1256 3425 vertatur:
1276 3377 1339 3426 ἀνα-

261 3465 359 3528 βάδην]
377 3469 514 3531 reaupirrrs
530 3481 631 3516 mrrsrrru
643 3465 774 3528 porrectis
785 3463 941 3527 perlibra-
954 3465 989 3512 Ire
1006 3465 1061 3513 atto
1080 3466 1235 3515 proretam.
1261 3466 1342 3516 Simili

262 3557 357 3605 rationo
382 3572 398 3605 a
423 3556 480 3606 Tib.
505 3554 697 3606 Hemstsrhusio
720 3555 877 3603 amendatum
902 3561 939 3603 cst
965 3562 990 3603 ct
1011 3555 1151 3618 expositum
1177 3557 1287 3606 scholion
1309 3558 1341 3606 sd

264 3645 329 3694 Plut.
347 3660 383 3695 rs.
403 3646 473 3695 1123.

296 3736 455 3784 Harmanuus
472 3737 503 3784 acl
520 3735 609 3798 Viget.
626 3749 683 3797 pag.
700 3734 750 3784 373
761 3733 881 3796 explicat:
894 3731 1005 3796 portibus
1016 3747 1116 3782 sarsana
1127 3748 1212 3782 avarsus
1223 3738 1341 3792 eruatis,

261 3825 388 3888 pcrtdcrctc
409 3840 440 3873 cc
465 3827 556 3888 rapiere
572 3826 671 3887 capite,
692 3841 719 3866 =
739 3823 899 3886 aeplipcrttcr
915 3837 946 3870 cc
958 3823 1146 3885 perfunctorie.
1181 3823 1230 3872 Sed
1248 3825 1284 3872 sic
1300 3839 1341 3886 pa·

263 3925 317 3961 rum
344 3913 384 3961 hic
409 3927 496 3962 vorsus
517 3928 575 3962 cum
592 3912 755 3975 praecedente
771 3911 927 3969 cohaererst;
945 3926 1026 3976 neque
1044 3926 1151 3975 unquam
1168 3914 1341 3976 aeplipeutiec

263 4018 333 4053 reum
359 4002 419 4052 fecit
442 4002 588 4067 Euripidem
609 4002 729 4059 comicus,
746 4016 778 4050 ne
795 4001 841 4050 hac
856 4002 957 4064 quidem
975 4001 999 4049 iu
1018 4001 1114 4060 fabula,
1132 4003 1173 4052 scd
1191 4001 1271 4064 potins
1288 4001 1341 4050 dili-

263 4091 361 4155 gentias
374 4093 455 4156 justos
471 4091 563 4140 limites
580 4091 736 4155 egredientis.

297 4181 426 4246 Optimum
452 4182 526 4246 igitur
551 4187 624 4244 puto,
651 4181 766 4238 Suidam,
790 4179 943 4242 Hesychium
965 4188 990 4228 ct
1007 4177 1093 4226 scholii
1110 4185 1206 4242 partem
1223 4178 1341 4241 posterio-

265 4285 318 4320 rem
335 4272 418 4335 scqui,
434 4277 460 4320 ct
477 4271 614 4333 ἀναβάδην
631 4278 730 4319 vertere
747 4270 871 4327 rrrbtirnir,
888 4271 918 4317 ia
935 4269 1040 4317 srtbltmi
1055 4268 1151 4324 sedeur,
1168 4267 1340 4318 uudedcaceu·

264 4360 325 4408 rterc
341 4375 367 4410 sc
383 4375 454 4424 possa
471 4369 546 4423 negat
563 4360 694 4423 Euripidcs
710 4374 746 4407 vs.
764 4360 820 4408 109.
854 4356 889 4408 Gi
911 4357 985 4406 schol.
1004 4357 1035 4405 nd
1052 4357 1157 4405 vallo:
1176 4358 1290 4420 patuerat
1301 4359 1341 4406 ἐπὶ

266 4453 313 4510 τῆς
330 4455 424 4511 σκηνῆς
442 4449 562 4514 μετέωρος
580 4449 695 4510 (fortusse
713 4451 737 4498 in
755 4447 880 4514 rpcpridpp
901 4455 928 4496 ut
945 4447 1059 4496 Socrates
1075 4447 1141 4496 Nuh.
1159 4461 1195 4494 vs.
1211 4447 1278 4509 226).
