3216 5154
804 383 843 443 72

286 572 457 636 445-451
480 572 635 632 ornentur
647 564 788 631 asseclae
800 565 959 649 Socratis,
976 565 1097 631 cadunt
1108 565 1142 628 in
1156 561 1354 647 Euripidem.

290 683 353 750 Sed
391 680 518 746 abunde
552 684 716 764 praeterea
749 683 799 742 est
832 677 976 744 locorum
1010 677 1126 763 quihus
1162 674 1357 740 nominatim
1399 715 1403 724 ,

289 793 455 880 Euripidis
486 793 645 860 ἐπύλλιαὶ
677 790 728 855 vel
751 789 913 876 ,lupina‘
941 797 1122 878 tanguntur
1151 799 1184 855 et
1212 790 1283 876 ipse
1306 811 1356 853 ra·

287 908 366 974 hula
389 912 529 972 vocatur,

336 1022 374 1085 In
408 1022 509 1086 lionis
544 1022 606 1107 (vs.
644 1027 701 1087 771
738 1026 826 1110 sqq.)
857 1021 1058 1087 amarissime
1080 1021 1205 1086 Aeacus
1229 1028 1355 1099 narrat,

289 1133 495 1219 Euripidem,
524 1156 625 1219 quum
649 1136 684 1200 in
709 1135 836 1201 Hadem
860 1134 1058 1217 devenisset,
1084 1131 1162 1197 artis
1187 1153 1262 1197 suae
1286 1129 1354 1195 edi-

290 1246 377 1312 disse
402 1249 582 1332 specimen,
607 1270 714 1314 coram
732 1248 877 1333 furibus,
894 1249 1017 1314 sicariis
1033 1255 1066 1313 et
1079 1245 1258 1332 parricidis,
1277 1266 1356 1330 quo-

288 1383 361 1425 rum
384 1383 523 1447 magnus
547 1363 593 1426 ihi
617 1364 660 1429 sit
686 1385 857 1441 numerus3
883 1384 937 1428 eos
961 1382 1054 1443 vero,
1079 1359 1199 1445 eloquii
1223 1358 1356 1423 technas

290 1495 486 1560 magnopere
516 1475 711 1559 admiretoS,
745 1476 889 1562 palmam
923 1473 1100 1560 sapientiae
1129 1473 1158 1538 ei
1182 1470 1336 1539 detulisse
1348 1497 1357 1548 ;

289 1608 352 1673 quo
377 1587 531 1674 suffragio
555 1589 679 1656 elatum
703 1611 776 1655 eum
802 1589 865 1655 sihi
878 1587 1064 1674 poposcisse
1080 1585 1216 1668 solium,
1234 1584 1358 1670 optimo
1430 1667 1433 1672 Δ

288 1698 434 1764 debitum
469 1706 599 1786 poetae,
635 1702 669 1767 in
703 1724 767 1789 quo
800 1702 967 1786 hucusque
1003 1700 1139 1766 sedisset
1162 1696 1352 1782 Aeschylus.

289 1811 368 1881 Mox
403 1813 499 1878 ambo
531 1814 646 1900 tragici
680 1815 796 1881 ineunt
828 1820 989 1880 certamen
1019 1812 1200 1899 poeticum,
1231 1811 1265 1874 in
1278 1829 1282 1836 ’
1297 1830 1359 1897 quo

483 2115 537 2169 πῶς
553 2112 600 2161 οὖν
617 2110 766 2174 ἅπολαβεῖν
782 2112 922 2178 τάργύριον
939 2113 1035 2171 δίκαιος
1053 2114 1087 2172 εἶ,

481 2200 502 2247 εἰ
518 2200 596 2264 μηδὲν
613 2200 688 2249 οἶσθα
704 2204 756 2250 τῶν
772 2201 903 2266 μετεώρων
919 2201 1078 2267 πραγμάτων
1082 2218 1090 2262 3

290 2292 331 2350 tex
348 2304 396 2352 quo
411 2289 465 2338 loco
481 2288 553 2338 nimis
569 2288 648 2338 multe
663 2289 923 2352 peteremihividetur
930 2289 1189 2354 Bernh.l.l.peg.407
1198 2288 1282 2352 infra).
1291 2315 1321 2325 -
1331 2289 1362 2338 In

288 2379 336 2427 fine
361 2385 445 2428 eutem
470 2377 566 2428 fabulae
587 2379 702 2442 egregios
724 2379 818 2430 fructus
835 2394 915 2430 novae
931 2380 991 2428 artis
1008 2379 1156 2439 rhetoricae,
1173 2393 1222 2443 que
1237 2378 1263 2427 in
1280 2377 1362 2428 schola

288 2468 396 2520 Socratis
421 2468 530 2518 imbutus
553 2476 604 2528 est,
627 2471 746 2530 ostendit,
771 2485 849 2535 quum
874 2471 940 2534 petri
964 2470 1117 2519 demonstret
1134 2469 1193 2534 jure
1217 2483 1274 2518 sum
1298 2484 1313 2518 u
1335 2483 1361 2518 se

287 2558 416 2622 vapulare,
432 2558 491 2622 quin
508 2558 585 2608 etiem
600 2567 708 2610 matrem
724 2561 816 2624 pugnis
832 2567 931 2624 pectere
947 2574 997 2609 non
1013 2559 1128 2609 illicitum
1144 2573 1206 2611 esse.

320 2646 463 2697 Pessimum
487 2646 655 2711 mythologice
677 2663 761 2708 usum,
777 2664 827 2713 quo
843 2649 869 2698 id
886 2649 970 2714 egitur
985 2657 1013 2699 ut
1029 2649 1159 2698 hominum
1175 2647 1270 2712 flagitia
1285 2662 1356 2711 pree·

288 2745 406 2788 texentur
430 2739 534 2788 deorum
559 2745 584 2787 et
609 2738 715 2788 heroum
739 2739 899 2800 auctoritate,
924 2740 1022 2804 saepius
1039 2739 1119 2804 tangit
1135 2739 1315 2803 Aristophanes
1332 2738 1358 2786 in

290 2828 332 2878 illo
349 2828 463 2878 binorum
480 2828 569 2893 Λόγων
585 2827 714 2891 colloquio.
737 2816 789 2881 'Sic
806 2845 842 2881 vs.
859 2831 908 2880 904
924 2844 988 2894 sqq.:

550 2922 604 2976 πῶς
620 2916 697 2981 δῆτα,
715 2917 785 2980 δίκης
801 2919 890 2982 οὔσης,
910 2919 923 2968 ὁ
940 2922 1001 2978 Ζεὺς

550 3007 596 3056 οὐκ
612 3001 751 3058 ἀπόλωλεν
767 3010 813 3059 τὸν
830 3007 918 3074 πατέρ’
935 3009 1015 3059 αὑτοῦ

479 3155 482 3164 ,
550 3096 640 3157 diram

293 3203 328 3235 vs.
364 3186 526 3237 loss-1052
549 3184 667 3249 probetur
692 3186 807 3250 exemplo
831 3187 947 3237 Herculis
976 3187 1086 3237 thermus
1113 3194 1240 3251 proestare
1267 3185 1364 3250 frigidis

292 3276 400 3334 balneis3
425 3276 557 3325 Nestorem
580 3287 656 3339 porro
681 3274 814 3341 ἀγορητὴν
837 3276 929 3327 imitari
953 3277 1067 3327 dicuntur
1094 3277 1136 3340 qui
1161 3276 1242 3327 forum
1268 3284 1364 3334 terunt;

291 3365 387 3416 ridetur
410 3379 516 3429 parvum
539 3367 604 3429 quod
620 3364 699 3414 Peleo
715 3366 741 3414 ἐκ
757 3368 804 3425 τῆς
821 3367 983 3432 σωφροσύνης
999 3366 1074 3416 rediit
1089 3366 1198 3425 luem,
1216 3365 1282 3415 ensis
1300 3365 1364 3414 scili·

292 3465 332 3504 eet
348 3455 381 3504 'et
405 3469 471 3504 uxor
494 3453 564 3503 brevi
589 3469 646 3504 eum
671 3455 831 3514 derelictura,
857 3472 935 3520 quum
960 3457 1117 3521 Hyperbolus
1141 3462 1192 3505 tum
1214 3456 1293 3506 multe
1308 3469 1362 3506 cor·

292 3545 380 3593 roserit
403 3544 497 3593 talenta
522 3558 564 3606 per
590 3545 723 3606 πονηρίαν.
760 3545 806 3610 Sic
824 3546 928 3609 denique
952 3545 1057 3609 injustus
1079 3547 1121 3596 ille
1137 3555 1219 3597 oretur
1236 3546 1362 3596 concludit

292 3649 328 3683 vs.
348 3635 410 3686 1070
425 3648 488 3697 squ:

422 3723 543 3786 ἥμαρτες,
561 3722 688 3786 ἠράσθης,
705 3722 855 3786 ἐμοίχευσάς
872 3743 908 3785 τι,
927 3722 981 3788 κᾷτ’
999 3724 1116 3789 ἐλήφθης·

423 3812 573 3870 όπόλωλας·
592 3810 721 3871 α’ὃύνατος
738 3814 785 3877 γὰρ
803 3814 824 3861 εἶ
840 3811 929 3877 λέγειν.
955 3814 1007 3878 ἐμοὶ
1025 3813 1045 3862 δ’
1062 3814 1155 3878 ὁμιλῶν

422 3905 473 3966 χρῶ
491 3903 523 3967 τῇ
540 3901 624 3965 φύσει,
643 3902 744 3966 σκίρτα,
762 3900 836 3966 γέλα,
854 3903 937 3965 νόμιζε
953 3902 1031 3967 μηδὲν
1049 3903 1162 3968 αἰσχρόν.

421 3992 512 4053 μοιχὸς
529 3991 577 4054 γὰρ
594 3989 628 4049 ἣν
644 3990 724 4055 τύχης
742 3989 822 4048 ἁλούς
828 4027 835 4052 ,
854 3990 908 4040 τάδ’
926 3991 1039 4057 ἀντερεῖς
1056 3995 1121 4057 πρὸς
1137 3994 1229 4054 αὐτόν,

423 4080 455 4137 ὡς
473 4079 547 4129 οὐδὲν
564 4079 692 4140 ἠδίκηκας·
711 4079 753 4130 εἶτ’
770 4080 796 4138 ἐς
814 4082 859 4130 τὸν
875 4081 913 4130 Δί’
931 4083 1115 4148 ἐπανενεγκεῖν,

422 4168 536 4229 κάκεῖνος
553 4171 588 4227 ὡς
604 4171 688 4231 ἥττων
705 4171 796 4234 ἔρωτός
814 4171 865 4220 ἐστι
883 4175 923 4220 καὶ
941 4177 1073 4236 γυναικῶν

422 4261 504 4308 καίτοι
522 4263 552 4309 σὺ
570 4260 661 4319 θνητὸς
679 4260 715 4309 ὣν
732 4259 788 4308 θεοῦ
807 4264 862 4317 πῶς
878 4261 964 4324 μεῖζον
982 4263 1014 4311 ἂν
1030 4261 1133 4322 divom

329 4348 336 4380 ¹
370 4349 429 4397 Pac.
447 4363 483 4396 vs.
500 4349 561 4406 532,
580 4347 690 4397 Acheru.
708 4363 743 4396 vs.
761 4348 817 4398 398.

327 4437 338 4472 ²
371 4436 482 4490 Acheru.
500 4451 537 4485 vs.
555 4438 617 4496 444,
635 4438 691 4486 Poe.
709 4453 743 4485 rs.
761 4439 818 4488 534.
