3222 5170
782 397 842 458 124

273 577 436 644 interdum
477 582 511 644 et
552 599 589 644 aa
629 577 777 645 laudavit
813 599 894 663 quae
933 575 989 641 vix
1023 576 1259 662 vituperatione
1294 579 1345 644 vel

273 689 396 766 νοθείας
428 690 612 775 suspicione
647 695 776 756 exemta
790 775 792 778 Ι
808 689 988 755 videantur.
1031 689 1123 754 Idem
1161 695 1270 756 tamen
1305 690 1344 755 de

272 803 509 890 Aristophane,
545 825 585 869 ex
620 824 723 889 aequo
754 809 788 868 et
818 823 911 886 vero,
941 802 1019 868 haeo
1042 802 1190 887 scripsit:
1217 801 1344 869 “Nemo

274 917 488 1004 “Euripidem
528 909 634 1004 magis
679 924 794 983 notum
826 916 940 982 habuit
974 916 1155 1002 meliusque
1184 914 1345 1000 judicavit

274 1033 395 1116 “quam
418 1032 497 1097 civis
521 1037 555 1098 et
577 1030 721 1117 aequalis
744 1029 813 1115 ejus
836 1029 1082 1116 Aristophanes.
1124 1030 1264 1115 Magnus
1287 1028 1343 1094 ille

273 1142 456 1226 “comicus,
490 1143 546 1228 qui
579 1163 645 1208 non
677 1140 786 1206 minus
818 1146 915 1225 poeta
949 1145 1019 1206 erut
1044 1140 1222 1226 palmarius
1245 1162 1341 1226 quam

274 1255 424 1322 “subacti
452 1255 501 1321 vir
529 1255 654 1341 ingenii
685 1259 719 1320 et
741 1276 834 1320 verae
857 1254 1037 1339 elegantiae
1060 1275 1159 1328 sensu
1180 1254 1341 1338 imbutus,

273 1370 364 1434 “tum
395 1368 522 1456 egregie
545 1367 672 1464 notavit
693 1367 823 1453 lapsum
846 1366 926 1432 artis
950 1366 1091 1452 tragicae
1114 1374 1148 1432 et
1169 1366 1251 1432 vitia
1273 1367 1341 1432 Eu-

275 1480 396 1567 “ripidi
423 1480 569 1566 propria,
600 1480 668 1566 ejus
692 1479 869 1547 sententias
902 1485 936 1545 et
958 1479 1173 1566 digressiones
1198 1479 1341 1564 philoso-

274 1593 429 1678 “phioas,
454 1593 523 1679 ejus
548 1593 713 1680 eloquium
730 1594 823 1680 justo
845 1593 997 1677 mollius,
1021 1593 1089 1678 ejus
1114 1591 1259 1658 studium
1282 1613 1340 1656 au-

274 1705 397 1791 “gendi
418 1706 545 1772 mendis
569 1707 727 1792 corporeis
751 1706 887 1793 aliisque
909 1707 1005 1773 rebus
1028 1706 1170 1772 extemis
1190 1704 1340 1770 effectum

273 1818 457 1904 “tragicum
469 1867 488 1906 ,Α
502 1819 581 1905 quin
594 1819 693 1886 etiam
706 1820 929 1886 effeminatum
941 1818 1088 1905 rhythmi
1101 1818 1171 1904 ejus
1183 1823 1338 1900 tenorem,

274 1933 486 2016 “praesertim
517 1933 553 1998 in
585 1933 705 2018 Ranis,
744 1939 781 2000 ut
807 1934 942 2000 dicteria
964 1939 1084 2000 temere
1106 1933 1147 1998 ab
1170 1954 1208 1998 eo
1229 1952 1341 2017 sparsa

273 2044 525 2130 “dignissimam
555 2046 731 2131 praebeant
760 2047 928 2112 materiem
965 2046 1005 2112 de
1037 2067 1102 2131 qua
1135 2047 1212 2112 data
1244 2067 1341 2132 opera
1403 2113 1410 2137 l

272 2158 477 2244 “inquiratur
499 2164 532 2225 et
554 2158 759 2244 disputetur''
777 2169 796 2224 ¹.

316 2272 355 2335 Iu
378 2271 438 2337 hae
460 2276 569 2337 autem
582 2271 725 2337 materie
756 2273 925 2347 tractanda
946 2295 999 2340 me
1022 2273 1172 2359 Euripidi
1195 2294 1259 2337 non
1280 2295 1337 2358 pe-

269 2384 407 2468 percisse
440 2383 560 2462 fateor3
592 2383 648 2450 sed
671 2406 727 2450 our
749 2384 830 2457 mihi
853 2407 919 2450 non
942 2385 1053 2452 liceret
1074 2386 1174 2451 libere
1196 2385 1338 2450 indicare
1372 2381 1378 2404 ⁸

270 2518 476 2584 quaecunque
499 2499 533 2563 in
555 2498 760 2565 celeberrimo
782 2500 905 2586 tragico
928 2521 992 2566 uon
1017 2499 1142 2566 levibus
1165 2498 1337 2574 decausis

269 2610 429 2696 culpanda
450 2617 615 2696 putarem,
638 2611 735 2678 modo
749 2613 784 2678 id
802 2598 957 2692 foderem,
981 2619 1019 2680 ut
1038 2613 1152 2679 fecisse
1167 2633 1221 2678 me
1233 2633 1337 2696 spem,

269 2723 339 2788 sine
371 2722 447 2788 felle
476 2729 509 2790 et
532 2724 601 2789 sine
624 2725 829 2810 arrogantia?
874 2727 961 2792 Falli
982 2733 1091 2793 tamen
1111 2725 1221 2814 potui,
1247 2724 1337 2790 etin

269 2835 493 2921 disquisitione
516 2844 584 2902 tum
608 2837 673 2903 late
695 2844 843 2923 patente,
868 2845 980 2926 totque
1002 2847 1035 2906 et
1057 2845 1221 2906 tantarum
1240 2838 1339 2923 plena

267 2949 511 3031 difficultatum,
534 2950 678 3016 multum
700 2950 792 3017 abest
818 2957 856 3026 ut
877 2974 930 3018 me
953 2974 1085 3038 scopum
1109 2973 1234 3038 semper
1261 2951 1336 3016 teti-

266 3063 354 3150 gisse
384 3062 561 3128 confidam:
593 3086 691 3150 quare
713 3087 733 3130 a
755 3066 909 3132 benevolo
932 3066 1050 3132 lectore
1072 3070 1147 3152 peto
1170 3071 1203 3130 et
1228 3084 1282 3129 oro
1299 3068 1338 3128 ut

268 3174 401 3241 comiter
418 3186 419 3190 ’
435 3175 582 3262 ignoscat
616 3177 697 3244 meis
734 3178 914 3265 erroribus,
949 3187 982 3245 et
1004 3180 1065 3245 hoo
1091 3200 1172 3266 opus
1190 3177 1336 3263 juvenile

268 3287 361 3373 aequi
381 3288 521 3374 bonique
544 3291 700 3356 consulat.

299 3497 309 3532 ¹
326 3501 356 3550 L.
372 3501 387 3549 l,
406 3517 463 3565 pag.
482 3503 734 3556 rememoratione.
