3222 5170
804 384 864 446 139

358 570 433 629 Eur.
454 568 563 655 ἔγωγε.

453 663 561 740 Aqott.
582 665 624 746 μή
647 691 705 728 νυν
728 659 862 749 ἐλπίσῃς
884 663 920 726 τὸ
945 666 1002 728 σὸν
1025 667 1119 730 κακὸν

453 760 535 842 ἡμᾶς
556 753 694 843 ὑφέξειν·
719 757 854 845 καὶγὰρ
877 755 916 821 ἂν
937 757 1107 842 μαινοίμεθ’
1130 760 1178 825 ἄν·

333 855 442 916 Versus
463 871 550 932 quem
571 857 686 931 spectat
706 851 847 931 Agathou
869 857 914 912 est
935 852 1096 914 Alcestidis
1119 855 1278 924 691;conl.
1291 854 1372 914 Nub.

293 969 334 1010 vs.
360 952 448 1009 1415.
635 973 638 980 “

334 1115 416 1180 loru.
438 1135 481 1176 vs.
506 1119 564 1176 198
585 1133 642 1194 sq.:

452 1212 510 1287 τὰς
532 1209 696 1298 ξυμφορὰς
717 1211 780 1298 γὰρ
803 1212 878 1297 οὐχὶ
900 1220 969 1286 τοῖς
990 1211 1207 1298 τεχνάσμασιν

453 1309 556 1394 φέρειν
579 1303 714 1376 δίκαιον,
737 1304 824 1370 άλλὰ
846 1314 914 1381 τοῖς
935 1303 1124 1389 παθήμασιν·

334 1400 402 1460 Sine
435 1400 525 1460 dubio
556 1398 628 1460 haec
660 1417 776 1478 quoque
798 1405 868 1459 sunt
890 1399 1060 1479 Euripiden.
1082 1399 1139 1460 Sed
1159 1399 1237 1460 unde
1259 1403 1374 1460 sumta?

292 1495 405 1556 Tacent
426 1495 546 1556 scholia.

333 1688 415 1753 ltin.
437 1708 481 1749 vs.
503 1693 560 1750 272
583 1687 741 1766 Euripides
762 1687 804 1748 sic
824 1686 907 1765 jurat
923 1685 1108 1748 Mnesilocho
1122 1707 1152 1748 se
1168 1687 1195 1746 ei
1216 1692 1374 1748 venturum

293 1783 402 1843 auxilio
423 1783 449 1844 si
470 1783 570 1844 adsint
590 1782 734 1862 pericula:

333 1881 407 1942 Ettr-
456 1884 566 1964 ὄμνυμι
589 1884 698 1946 τοίνυν
721 1878 815 1968 αἰθέρ’
838 1879 958 1956 οίκησιν
982 1881 1071 1955 Διός·

332 1976 426 2036 111008.
447 1980 477 2040 τί
498 1975 627 2061 μᾶλλον
648 1975 667 2049 ἢ
686 1977 743 2051 τὴν
763 1973 995 2062 Ἱπποκράτους
1015 1971 1189 2048 ἷυνοικίαν;

333 2070 406 2132 Eur·
455 2075 567 2156 ὄμνυμι
589 2075 698 2136 τοίνυν
720 2072 843 2146 πάντας
866 2066 966 2156 άρθην
988 2074 1064 2144 τοὺς
1086 2067 1187 2145 θεούς·

333 2167 427 2226 Mtte-3·
448 2170 588 2251 μέμνησο
610 2170 720 2231 τοίνυν
740 2163 838 2237 ταῦθ’,
862 2169 909 2230 ὅτι
930 2167 949 2240 ἡ
971 2166 1055 2252 φρὴν
1076 2164 1213 2248 ὤμοσεν,

453 2263 472 2337 ἡ
493 2261 622 2348 γλῶττα
645 2257 671 2326 θ’
694 2261 751 2325 οὐκ
773 2260 917 2343 ὀμώμοκ’,
941 2256 1008 2326 οὐδ’
1031 2259 1151 2347 ὥρκωσ’
1173 2261 1245 2346 ἐγώ.

334 2355 468 2416 Primum
479 2354 585 2416 horum
591 2373 728 2415 versuum
739 2353 831 2414 schol.
840 2353 915 2414 dicit
926 2372 988 2415 esse
999 2372 1034 2413 ex
1045 2351 1226 2433 Melanippe.
1239 2353 1374 2434 (Supplez

295 2452 446 2532 Sapiente‚
468 2470 484 2510 e
504 2450 616 2512 scholio
638 2449 715 2510 Rau.
728 2468 771 2509 vs.
785 2453 843 2508 100
859 2447 1030 2521 emendato,
1049 2447 1109 2508 vid.
1122 2448 1265 2509 Valckcn.
1278 2449 1374 2510 Diatr.

294 2567 361 2626 pag.
384 2549 446 2624 40).
467 2545 516 2605 Ad
536 2546 634 2604 locum
656 2544 808 2604 Ranarum
830 2542 987 2641 laudatum
1007 2541 1142 2603 scholion
1163 2544 1205 2603 sic
1220 2544 1295 2605 citat
1305 2563 1375 2606 eun-

294 2641 362 2702 dcm
383 2659 501 2702 versum
522 2637 730 2717 Euripideum:
976 2644 982 2675 ⁸

457 2738 569 2820 ὄμνυμι
590 2732 624 2799 δ’·
638 2736 708 2820 ίρὸν
730 2730 834 2820 αίθέρ’,
858 2731 978 2808 οίκησιν
1002 2734 1091 2807 Διός·

1027 2827 1140 2890 (Fragm.
1157 2829 1202 2878 491
1223 2829 1311 2892 Dind.)

297 2910 334 2972 In
346 2909 470 2970 'ultimis
491 2908 647 2988 respicitur
667 2873 756 2967 notus
777 2906 828 2966 ille
850 2905 1009 2985 Hippolyti
1030 2907 1112 2968 locus
1135 2926 1176 2968 vs.
1201 2912 1268 2969 612.

339 3102 421 3168 loto.
442 3123 485 3164 vs.
508 3106 564 3164 401
589 3122 666 3183 sqq.:

833 3198 891 3264 κᾶν
913 3196 1036 3285 ἐκβάλῃ
1058 3197 1179 3274 (mulier
1199 3199 1356 3280 nimirum)

458 3297 570 3369 σκεῦός
592 3320 619 3358 τι
642 3294 717 3358 κατὰ
740 3295 798 3370 τὴν
820 3297 921 3358 οίκίαν
943 3291 1148 3375 πλανωμένη,

459 3391 538 3475 ἁνὴρ
561 3391 675 3474 ἐρωτᾷ·
700 3393 764 3475 “τῴ
787 3390 931 3474 κατέαγεν
953 3390 972 3464 ἡ
995 3390 1108 3475 χύτρας

459 3486 537 3549 *ίούκ
559 3481 624 3548 ἔσθ’
647 3487 735 3558 ὅπως
755 3483 792 3547 οὐ
814 3489 858 3570 τῷ
881 3480 1039 3569 Κορινθίῳ
1062 3479 1170 3569 ἕένῳ«”

339 3577 497 3638 Deridetur
533 3578 615 3638 locus
649 3576 844 3656 Euripideus,
880 3595 969 3656 quem
999 3576 1128 3638 breviter
1159 3580 1310 3658 explicabo
1342 3600 1377 3640 ex

297 3672 444 3734 Athenaei
460 3671 491 3732 X
506 3691 575 3751 pag.
592 3676 651 3734 417
667 3690 697 3746 e,
715 3672 766 3732 ubi
784 3671 839 3732 hoc
859 3667 1001 3732 citatur'e
1018 3671 1202 3734 Stheneboea
1215 3674 1377 3736 distichon:

458 3771 556 3835 πεσὸν
576 3766 608 3835 δέ
632 3798 681 3834 νιν
704 3767 837 3845 λέληθεν
860 3766 952 3835 οὐδὲν
974 3771 1005 3833 ἐκ
1027 3773 1139 3857 χερός,

460 3862 533 3930 ἀλλ’
555 3861 646 3939 εὐθὺς
668 3860 761 3948 αὐδᾷ·
786 3869 850 3949 “up
874 3861 1032 3949 Κορινθίῳ
1054 3863 1162 3952 ἔίνῳ·”

339 3959 458 4020 Scilicet
491 3977 556 4019 mos
586 3963 649 4018 erat
680 3963 715 4017 ut
736 3957 864 4018 frustula
885 3976 960 4036 quae
992 3977 1131 4020 amensa
1151 3960 1319 4023 deciderent
1344 3964 1377 4023 in

299 4062 422 4129 terram,
445 4055 573 4116 mortuis
594 4054 697 4114 amicis
717 4072 748 4115 se
771 4052 901 4113 tribuere
912 4052 1045 4114 dicerent
1058 4056 1273 4118 accumbentes.
1296 4057 1377 4119 Hinc

299 4149 495 4223 Stheneboea,
517 4151 695 4212 exstinctum
717 4154 827 4229 putans
856 4148 1130 4228 Bellerophontem,
1153 4169 1241 4231 quem
1262 4153 1299 4212 ad
1325 4153 1377 4214 Jo-

298 4245 398 4306 batem
418 4265 487 4306 cum
508 4247 631 4308 letiferis
652 4246 747 4307 literis
769 4245 892 4306 missurn
915 4265 977 4306 esse
988 4246 1114 4318 sciebat,
1131 4247 1156 4308 si
1167 4248 1246 4308 inter
1256 4268 1377 4310 coenam

299 4339 377 4400 mica
397 4341 513 4401 caderet
533 4342 564 4400 in
577 4343 686 4414 solum,
710 4359 773 4401 eam
790 4359 820 4400 se
832 4339 987 4401 Corinthio
999 4339 1110 4420 hospiti
1123 4341 1377 4422 (Bellerophonti)

298 4434 367 4495 dare
389 4435 552 4514 inquiebat.
