3216 5154
669 935 842 1012 curor
869 934 917 1009 ι..
1010 905 1014 928 “

381 1157 424 1200 DE
447 1152 561 1202 causis
584 1135 656 1200 onii
679 1155 919 1200 ARISTOPHANIS
942 1155 985 1218 m
1000 1151 1194 1200 EURIPIDEM.

708 1328 875 1342 mlx

298 1480 372 1544 Non
403 1479 517 1563 facile,
542 1478 571 1543 si
591 1477 738 1564 fingendi
760 1478 945 1543 libertatem
969 1475 1031 1540 tibi
1056 1495 1217 1557 sumeres,
1243 1472 1323 1536 duo-

253 1577 326 1659 rum
356 1592 525 1657 hominum
556 1591 689 1678 ingenia
719 1591 881 1657 delineare
904 1611 1016 1676 posses
1044 1587 1149 1672 magis
1174 1586 1213 1651 ab
1235 1582 1324 1649 omni

253 1710 345 1790 parte
369 1704 431 1770 sibi
454 1706 628 1790 contraria,
657 1728 754 1791 quam
781 1698 902 1772 summi
925 1704 1015 1769 illins
1040 1701 1155 1767 comici
1179 1706 1212 1766 et
1232 1719 1324 1784 prae-

229 1809 333 1885 'clari
355 1818 444 1884 illius
486 1819 602 1904 tragici
633 1819 741 1898 fuere3
778 1840 882 1905 neque
906 1817 954 1882 ita
976 1823 1085 1882 tamen
1110 1811 1327 1899 discrepantia

154 1981 157 1990 -
255 1938 293 1998 ut
316 1932 565 2017 comparationis
606 1924 846 1999 instituendae
870 1932 955 1996 desit
996 1931 1102 1996 omnis
1136 1926 1326 2014 opportuni-

256 2052 326 2129 tas,
364 2045 466 2112 veluti
505 2046 534 2112 si
567 2046 782 2112 Aristotelem
825 2044 1023 2110 Anacreonti
1056 2044 1198 2110 conferre
1227 2039 1327 2106 velles

257 2149 330 2225 aut'
346 2158 489 2223 Homero
519 2159 788 2224 mathematicum
811 2159 1000 2236 Euclidem3
1034 2157 1091 2222 sed
1118 2153 1328 2241 quemadmo-

258 2273 336 2338 dum
371 2277 461 2336 ortus
496 2277 530 2336 et
566 2293 689 2356 vesper,
728 2271 776 2336 ita
808 2271 991 2336 diametrali
1025 2271 1091 2336 fere
1126 2265 1330 2355 oppositione

226 2373 231 2387 “
259 2386 343 2450 inter
366 2406 400 2449 se
422 2385 548 2449 distant
571 2385 744 2471 Euripides
762 2391 795 2451 et
807 2384 1053 2471 Aristophanes.
1092 2383 1155 2448 Hic
1167 2379 1331 2469 gaudebat

260 2496 343 2579 vita,
368 2517 465 2582 quam
489 2496 635 2561 hilariter
655 2518 809 2582 peragere
833 2497 995 2582 optimum
1020 2496 1186 2574 censebat3
1209 2516 1332 2581 pronus

186 2597 191 2610 ¹
261 2611 302 2675 ad
325 2609 444 2691 risum,
469 2632 606 2696 eumque
629 2612 751 2677 salsum
776 2611 906 2697 quidem
929 2611 985 2675 sed
997 2610 1063 2675 late
1079 2609 1220 2675 diductis
1231 2609 1330 2674 labris
1371 2604 1373 2608 ’

262 2746 326 2788 non
360 2723 407 2788 ita
441 2724 635 2803 delicatum3
667 2763 711 2774 -
741 2725 797 2790 ille
827 2747 846 2789 a
872 2725 999 2792 laetitia
1029 2724 1174 2806 alienus,
1211 2722 1331 2809 partim

263 2837 396 2920 naturis,
419 2836 538 2922 partim
562 2857 601 2902 ex
624 2836 849 2922 philosophiae
864 2859 961 2923 quam
989 2835 1182 2922 sequebatur
1203 2855 1330 2919 praece-

262 2952 348 3037 ptis,
372 2973 413 3016 ne
436 2951 521 3016 inter
543 2951 660 3036 pocula
681 2951 811 3037 quidem
835 2951 938 3016 ridere
958 2949 1114 3032 sciebam,
1129 2945 1333 3032 nonjocandi

296 3123 303 3154 ¹
322 3124 469 3174 Alexander
486 3123 594 3173 Aetolus
611 3123 677 3186 apud
693 3122 875 3173 Gellium'XV
888 3142 893 3172 :
904 3124 946 3182 20,
962 3123 992 3172 8:

326 3212 339 3260 ὁ
357 3211 377 3262 δ’
394 3211 563 3276 Ἀναξαγόρου
580 3211 698 3276 τρόφιμος
715 3214 791 3274 χαιοῡ
810 3213 933 3276 στρυφνὸς
950 3215 997 3276 μὲν
1013 3213 1094 3276 ἔμοιγε
1113 3213 1270 3275 προςειπεῐν,

328 3301 369 3348 καὶ
385 3299 536 3365 μισογὲλως,
553 3301 595 3348 καὶ
612 3301 732 3356 τωθάζειν
750 3299 805 3350 οὐδὲ
823 3299 882 3364 παρ’
899 3302 970 3350 οἶνον
986 3300 1146 3365 μεμαθηκώς,

329 3388 386 3438 ἀλλ’
404 3389 417 3438 ό
435 3408 460 3438 τι
477 3389 572 3454 γράψαι
590 3389 656 3438 τοῦτ’
675 3390 708 3438 ἂν
725 3389 824 3454 μέλιτος
842 3391 884 3438 καὶ
899 3389 1021 3456 αιιρὴνιιν
1038 3390 1166 3454 ἐτιτεόχει.

298 3482 361 3530 Item
384 3481 505 3530 Aelianus
522 3479 598 3539 VIII,
620 3479 649 3528 13
665 3480 750 3537 tradit,
766 3479 944 3546 Ἀναξαγόραν
959 3481 994 3544 μή
1012 3480 1126 3545 γελῶντά
1143 3498 1203 3528 ποτε
1221 3478 1336 3542 ὀφθῆναι.

297 3569 338 3619 Ex
362 3569 437 3618 unico
461 3567 568 3632 satyrico
592 3568 705 3616 mamete
728 3568 796 3630 quod
820 3575 927 3617 aetutem
952 3567 1162 3632 tuliucyciope,
1179 3577 1281 3632 apparet
1296 3582 1337 3616 me

262 3661 345 3724 judice
370 3673 443 3722 quem
468 3656 577 3706 alienum
602 3672 617 3706 a
638 3656 695 3706 lusu
710 3656 812 3719 risuque
829 3657 959 3720 ingenium
975 3657 1092 3706 hahuerit
1108 3656 1248 3721 Euripides.
1280 3658 1336 3708 Non

266 3763 365 3812 possum
382 3745 441 3810 quin
457 3745 631 3810 frigidissimas
647 3759 760 3794 censam
777 3744 833 3794 illes
850 3744 951 3794 facetius
967 3745 1065 3808 tragici.
1086 3746 1140 3795 Vix
1154 3745 1261 3808 jocosior
1277 3747 1339 3798 mihi

266 3839 363 3888 videtur
387 3854 462 3903 quam
485 3838 657 3902 ludimagister
681 3851 806 3896 morosus,
831 3837 873 3901 qui
897 3852 942 3901 per
959 3847 1040 3888 totum
1057 3839 1122 3888 diem
1139 3841 1231 3904 agitata
1249 3842 1337 3900 ferula,

267 3937 295 3979 ut
311 3928 423 3978 animum
439 3935 569 3978 resument
584 3928 699 3990 discipuli
716 3935 862 3986 trementes,
880 3939 964 3978 namet
980 3929 1012 3977 iis
1028 3929 1119 3993 aliquid
1136 3930 1241 3980 ridiculi.

299 4017 339 4066 Ex
364 4032 430 4067 novo
454 4024 603 4081 argumento
627 4009 761 4066 Alcestidis
783 4016 848 4078 quod
864 4017 977 4080 praebuit
992 4018 1071 4067 codex
1087 4019 1228 4079 vaticanus,
1243 4022 1339 4085 primus

269 4105 349 4156 effecit
374 4106 490 4158 Glumius
512 4107 575 4155 hano
599 4105 707 4155 fabulam
732 4106 761 4154 ab
778 4106 899 4168 Euripide
915 4120 967 4156 esse
984 4107 1155 4171 compositum,
1173 4123 1235 4172 qnae
1251 4111 1339 4161 ultimo

268 4195 321 4244 loco
337 4195 484 4258 tetralogiae
501 4209 546 4260 pro
563 4197 667 4259 satyrico
685 4196 793 4244 daretur.
826 4197 867 4246 De
882 4196 928 4245 huc
945 4196 1095 4258 conjectura,
1113 4213 1186 4261 quarn
1196 4199 1341 4248 Dindcrfius

271 4285 341 4332 Poet.
366 4285 438 4335 Soen.
463 4285 524 4348 prol.
538 4285 580 4337 ud
605 4286 666 4334 Eur.
690 4300 748 4348 pag.
773 4287 802 4334 21
822 4299 906 4334 veram
927 4286 1029 4349 judicat,
1047 4301 1092 4336 nec
1109 4301 1157 4335 non
1174 4288 1342 4338 Bernhardius

270 4372 316 4422 Gr.
340 4373 389 4422 Lit.
414 4374 453 4433 11,
470 4375 494 4432 2,
512 4389 568 4438 pag.
588 4376 634 4423 116
652 4384 676 4422 et
694 4376 739 4423 461
761 4389 821 4438 sqq,
838 4375 956 4424 videndus
970 4382 1007 4424 est
1023 4373 1054 4425 G.
1070 4375 1341 4441 'Hermennusproleg

270 4463 301 4510 ad
329 4461 431 4527 Oyolop.
457 4477 513 4527 pag.
540 4466 555 4516 7
582 4479 633 4527 sqq.
667 4462 705 4512 Si¹
721 4478 780 4513 vera
806 4464 896 4514 tradite
921 4469 977 4514 sunt
1001 4465 1028 4513 in
1052 4464 1094 4514 illo
1111 4473 1270 4528 argumento,
1285 4466 1342 4514 hinc
