3216 5154
790 388 830 451 66

274 571 443 656 loquentes
489 573 658 654 audimus,
700 595 720 637 u
757 571 966 657 philosophia
1004 573 1200 639 deterremur
1238 575 1348 658 potius

273 705 371 771 quam
406 684 447 748 ed
483 705 554 750 eum
587 685 779 768 alliciemur,
815 685 935 770 quippe
968 706 1049 769 quse
1082 685 1123 749 ab
1159 685 1347 770 hujusmodi

276 796 454 862 cultoribus
488 797 614 891 aliquid
636 797 767 864 ridiculi
787 797 916 864 *trahere
941 797 1100 880 videatur,
1131 799 1251 866 etalio
1274 821 1347 882 usu,

275 907 341 972 elie
374 909 492 995 specie,
528 910 601 977 eliis
639 909 809 976 lenociniis
842 908 999 995 indigeat,
1034 915 1072 974 ut
1106 910 1216 976 animo
1241 917 1349 976 nostro

276 1044 346 1088 sese
370 1022 523 1088 insinuet.

280 1189 471 1202 -υ-ῇ

305 1261 356 1310 Pro
380 1259 497 1322 exemplo
517 1259 583 1332 servi
600 1259 677 1308 nimis
693 1259 792 1308 tumide
809 1259 934 1322 loquentis
950 1265 1023 1311 sunto
1040 1259 1100 1307 hece
1116 1259 1192 1308 verbs
1208 1259 1306 1307 bubulci
1325 1259 1350 1306 in

274 1349 358 1412 Iphig.
374 1350 452 1399 Tuur.
470 1363 506 1396 vs.
522 1349 584 1398 255:

499 1436 565 1498 βοῦς
580 1436 693 1501 ἤλθομεν
709 1434 828 1500 νίψοντες
845 1435 934 1500 ἐναλίᾳ
952 1436 1041 1501 δρόσῳ.

211 1546 213 1549 ’
309 1528 467 1576 Sententiorc
483 1527 627 1591 loquentem
643 1540 745 1575 servum
761 1527 856 1589 reperis
873 1527 965 1576 Helen.
982 1541 1018 1574 vs.
1035 1525 1177 1577 734-739:

504 1613 551 1681 ἐγὼ
568 1617 615 1680 μὲν
632 1615 695 1677 είην,
713 1614 748 1664 rei
766 1614 857 1679 πέφυχ’
875 1614 941 1679 ὅμως
958 1615 1064 1677 λάτρις,

502 1703 530 1752 ίν
546 1708 611 1753 τοῖαι
629 1703 784 1769 γενναίοισιν
800 1702 968 1767 ἠριθμημένος

502 1792 552 1841 καὶ.

274 1879 445 1932 Conseruntur
463 1881 539 1930 etiam
555 1895 592 1933 rs.
609 1881 660 1933 750
676 1895 728 1943 sqq.
760 1880 813 1928 Nec
831 1893 879 1928 non
897 1880 1142 1928 commemorandum
1158 1879 1198 1927 hie
1215 1889 1251 1926 est
1268 1879 1345 1942 Phry-

273 1971 312 2032 gis
328 1970 450 2020 canticum
469 1969 628 2034 (ὑπόρχημα)
645 1969 672 2018 in
688 1968 779 2020 Oreste
796 1967 891 2028 subula,
909 1983 946 2020 vs.
966 1969 1028 2018 1369
1046 1984 1110 2032 sqq:

502 2061 618 2124 Ἀργεῖον
635 2059 705 2122 ξίφος
722 2058 747 2106 ἐκ
764 2056 878 2107 θανάτου
897 2057 1008 2122 πέφευγα

501 2148 551 2198 κτέ.
580 2179 581 2183 =
