<?xml version="1.0" encoding="UTF-8"?>
<!DOCTYPE html PUBLIC "-//W3C//DTD XHTML 1.0 Transitional//EN"
    "http://www.w3.org/TR/xhtml1/DTD/xhtml1-transitional.dtd">
<html xmlns="http://www.w3.org/1999/xhtml" xml:lang="en" lang="en">
 <head>
  <title>
</title>
<meta http-equiv="Content-Type" content="text/html;charset=utf-8" />
  <meta name='ocr-system' content='tesseract 3.04.00' />
  <meta name='ocr-capabilities' content='ocr_page ocr_carea ocr_par ocr_line ocrx_word'/>
</head>
<body>
  <div class='ocr_page' id='page_1' title='image "./specimenliterar01leeugoog_0164.png"; bbox 0 0 3222 5170; ppageno 0'>
   <div class='ocr_carea' id='block_1_1' title="bbox 709 384 847 459">
    <p class='ocr_par' dir='ltr' id='par_1_1' title="bbox 709 384 847 459">
     <span class='ocr_line' id='line_1_1' title="bbox 709 384 847 459; baseline -0.014 0"><span class='ocrx_word' id='word_1_1' title='bbox 709 384 711 388; x_wconf 34' lang='lat'><strong><em>¹</em></strong></span> <span class='ocrx_word' id='word_1_2' title='bbox 788 397 847 459; x_wconf 84' lang='lat'>151</span> 
     </span>
    </p>
   </div>
   <div class='ocr_carea' id='block_1_2' title="bbox 274 578 1356 1228">
    <p class='ocr_par' dir='ltr' id='par_1_2' title="bbox 274 578 1356 1228">
     <span class='ocr_line' id='line_1_2' title="bbox 318 578 574 642; baseline -0.008 -2"><span class='ocrx_word' id='word_1_3' title='bbox 318 578 400 642; x_wconf 88' lang='lat' dir='ltr'>lbld.</span> <span class='ocrx_word' id='word_1_4' title='bbox 421 597 463 639; x_wconf 77' lang='lat' dir='ltr'>ve.</span> <span class='ocrx_word' id='word_1_5' title='bbox 484 583 574 639; x_wconf 78' lang='lat'>1244:</span> 
     </span>
     <span class='ocr_line' id='line_1_3' title="bbox 439 671 1110 750; baseline 0 -10"><span class='ocrx_word' id='word_1_6' title='bbox 439 679 531 750; x_wconf 85' lang='grc' dir='ltr'>Ζεός,</span> <span class='ocrx_word' id='word_1_7' title='bbox 555 677 599 749; x_wconf 88' lang='grc' dir='ltr'>ὡς</span> <span class='ocrx_word' id='word_1_8' title='bbox 622 671 764 739; x_wconf 75' lang='grc' dir='ltr'>λέλεκται</span> <span class='ocrx_word' id='word_1_9' title='bbox 786 683 842 750; x_wconf 82' lang='grc' dir='ltr'>τῆς</span> <span class='ocrx_word' id='word_1_10' title='bbox 862 672 1011 750; x_wconf 78' lang='grc' dir='ltr'>ἀληθείας</span> <span class='ocrx_word' id='word_1_11' title='bbox 1032 674 1110 746; x_wconf 78' lang='grc' dir='ltr'>ὕπο,</span> 
     </span>
     <span class='ocr_line' id='line_1_4' title="bbox 325 764 1356 848; baseline -0.004 -20"><span class='ocrx_word' id='word_1_12' title='bbox 325 766 509 848; x_wconf 79' lang='lat' dir='ltr'>Melanippes</span> <span class='ocrx_word' id='word_1_13' title='bbox 530 766 678 847; x_wconf 81' lang='lat' dir='ltr'>Sapientis</span> <span class='ocrx_word' id='word_1_14' title='bbox 697 767 829 827; x_wconf 89' lang='lat' dir='ltr'>initium.</span> <span class='ocrx_word' id='word_1_15' title='bbox 853 802 890 810; x_wconf 87' lang='lat'><em>-</em></span> <span class='ocrx_word' id='word_1_16' title='bbox 910 766 995 827; x_wconf 86' lang='lat' dir='ltr'><strong>Adde</strong></span> <span class='ocrx_word' id='word_1_17' title='bbox 1016 785 1051 826; x_wconf 83' lang='lat' dir='ltr'>ex</span> <span class='ocrx_word' id='word_1_18' title='bbox 1072 766 1159 845; x_wconf 81' lang='lat' dir='ltr'>Greg.</span> <span class='ocrx_word' id='word_1_19' title='bbox 1181 767 1246 827; x_wconf 83' lang='lat' dir='ltr'>Oor.</span> <span class='ocrx_word' id='word_1_20' title='bbox 1269 764 1356 825; x_wconf 85' lang='lat' dir='ltr'>Rhet.</span> 
     </span>
     <span class='ocr_line' id='line_1_5' title="bbox 278 860 1352 940; baseline 0 -18"><span class='ocrx_word' id='word_1_21' title='bbox 278 860 341 922; x_wconf 87' lang='lat' dir='ltr'>VII</span> <span class='ocrx_word' id='word_1_22' title='bbox 362 880 429 940; x_wconf 84' lang='lat' dir='ltr'>pag.</span> <span class='ocrx_word' id='word_1_23' title='bbox 453 867 543 923; x_wconf 80' lang='lat'>1312:</span> <span class='ocrx_word' id='word_1_24' title='bbox 571 873 573 878; x_wconf 87' lang='lat'>&#39;</span> <span class='ocrx_word' id='word_1_25' title='bbox 1349 902 1352 908; x_wconf 83' lang='grc'><strong>-</strong></span> 
     </span>
     <span class='ocr_line' id='line_1_6' title="bbox 429 955 710 1035; baseline 0 -12"><span class='ocrx_word' id='word_1_26' title='bbox 429 956 564 1035; x_wconf 84' lang='grc' dir='ltr'>Ἕλλην’</span> <span class='ocrx_word' id='word_1_27' title='bbox 576 955 710 1029; x_wconf 55' lang='grc' dir='ltr'>γἐ’τιιττεν,</span> 
     </span>
     <span class='ocr_line' id='line_1_7' title="bbox 274 1050 1355 1132; baseline -0.003 -21"><span class='ocrx_word' id='word_1_28' title='bbox 274 1050 351 1111; x_wconf 93' lang='lat' dir='ltr'>unde</span> <span class='ocrx_word' id='word_1_29' title='bbox 382 1051 478 1130; x_wconf 93' lang='lat' dir='ltr'>liquet</span> <span class='ocrx_word' id='word_1_30' title='bbox 509 1071 662 1132; x_wconf 76' lang='lat' dir='ltr'>perperam</span> <span class='ocrx_word' id='word_1_31' title='bbox 694 1071 736 1112; x_wconf 88' lang='lat' dir='ltr'>vs.</span> <span class='ocrx_word' id='word_1_32' title='bbox 773 1056 849 1113; x_wconf 82' lang='lat'>1245</span> <span class='ocrx_word' id='word_1_33' title='bbox 881 1053 1046 1132; x_wconf 76' lang='lat' dir='ltr'><strong>Dionysum</strong></span> <span class='ocrx_word' id='word_1_34' title='bbox 1081 1050 1219 1130; x_wconf 78' lang='lat' dir='ltr'>Euripidi</span> <span class='ocrx_word' id='word_1_35' title='bbox 1247 1050 1355 1110; x_wconf 83' lang='lat' dir='ltr'>dicere:</span> 
     </span>
     <span class='ocr_line' id='line_1_8' title="bbox 274 1146 1352 1228; baseline -0.002 -21"><span class='ocrx_word' id='word_1_36' title='bbox 274 1147 386 1221; x_wconf 82' lang='lat' dir='ltr'>“Oave‚</span> <span class='ocrx_word' id='word_1_37' title='bbox 416 1147 480 1226; x_wconf 81' lang='lat' dir='ltr'>jam</span> <span class='ocrx_word' id='word_1_38' title='bbox 508 1149 589 1208; x_wconf 90' lang='lat' dir='ltr'>enim</span> <span class='ocrx_word' id='word_1_39' title='bbox 621 1166 707 1208; x_wconf 91' lang='lat' dir='ltr'>suum</span> <span class='ocrx_word' id='word_1_40' title='bbox 738 1148 899 1228; x_wconf 89' lang='lat' dir='ltr'>lecythium</span> <span class='ocrx_word' id='word_1_41' title='bbox 925 1148 1045 1219; x_wconf 86' lang='lat' dir='ltr'>addet&#39;’;</span> <span class='ocrx_word' id='word_1_42' title='bbox 1065 1147 1115 1208; x_wconf 92' lang='lat' dir='ltr'>hic</span> <span class='ocrx_word' id='word_1_43' title='bbox 1135 1147 1215 1208; x_wconf 90' lang='lat' dir='ltr'>enim</span> <span class='ocrx_word' id='word_1_44' title='bbox 1237 1146 1352 1206; x_wconf 86' lang='lat' dir='ltr'>annect&#39;</span> 
     </span>
    </p>
   </div>
   <div class='ocr_carea' id='block_1_3' title="bbox 272 1248 1307 1388">
    <p class='ocr_par' dir='ltr' id='par_1_3' title="bbox 272 1248 1307 1388">
     <span class='ocr_line' id='line_1_9' title="bbox 272 1248 929 1321; baseline 0.005 -20"><span class='ocrx_word' id='word_1_45' title='bbox 272 1259 333 1301; x_wconf 87' lang='lat' dir='ltr'>non</span> <span class='ocrx_word' id='word_1_46' title='bbox 353 1248 460 1321; x_wconf 90' lang='lat' dir='ltr'>posset.</span> <span class='ocrx_word' id='word_1_47' title='bbox 925 1296 929 1304; x_wconf 90' lang='lat'><strong>.</strong></span> 
     </span>
     <span class='ocr_line' id='line_1_10' title="bbox 1012 1323 1307 1388; baseline -0.007 -16"><span class='ocrx_word' id='word_1_48' title='bbox 1012 1326 1123 1388; x_wconf 77' lang='lat' dir='ltr'>(Eragm.</span> <span class='ocrx_word' id='word_1_49' title='bbox 1139 1324 1188 1373; x_wconf 76' lang='lat' dir='ltr'>set</span> <span class='ocrx_word' id='word_1_50' title='bbox 1204 1323 1290 1386; x_wconf 82' lang='lat' dir='ltr'>Dind.)</span> <span class='ocrx_word' id='word_1_51' title='bbox 1306 1349 1307 1352; x_wconf 64' lang='lat'><em>=</em></span> 
     </span>
    </p>
   </div>
   <div class='ocr_carea' id='block_1_4' title="bbox 253 1448 1370 3157">
    <p class='ocr_par' dir='ltr' id='par_1_4' title="bbox 253 1448 1370 1822">
     <span class='ocr_line' id='line_1_11' title="bbox 253 1448 1370 1536; baseline -0.003 -25"><span class='ocrx_word' id='word_1_52' title='bbox 253 1527 254 1532; x_wconf 8' lang='grc' dir='ltr'>η</span> <span class='ocrx_word' id='word_1_53' title='bbox 313 1448 398 1515; x_wconf 81' lang='lat' dir='ltr'>ltld.</span> <span class='ocrx_word' id='word_1_54' title='bbox 420 1469 465 1510; x_wconf 82' lang='lat' dir='ltr'>vs.</span> <span class='ocrx_word' id='word_1_55' title='bbox 492 1455 690 1513; x_wconf 77' lang='lat'>1309-1322</span> <span class='ocrx_word' id='word_1_56' title='bbox 712 1453 867 1513; x_wconf 73' lang='lat' dir='ltr'>continent</span> <span class='ocrx_word' id='word_1_57' title='bbox 886 1453 984 1536; x_wconf 73' lang='grc' dir='ltr'>μέλος</span> <span class='ocrx_word' id='word_1_58' title='bbox 1005 1451 1203 1531; x_wconf 87' lang='lat' dir='ltr'>compositum</span> <span class='ocrx_word' id='word_1_59' title='bbox 1224 1449 1261 1510; x_wconf 89' lang='lat' dir='ltr'>ad</span> <span class='ocrx_word' id='word_1_60' title='bbox 1278 1448 1370 1536; x_wconf 86' lang='lat' dir='ltr'>deri-¹</span> 
     </span>
     <span class='ocr_line' id='line_1_12' title="bbox 274 1541 1354 1627; baseline 0.002 -26"><span class='ocrx_word' id='word_1_61' title='bbox 274 1541 369 1603; x_wconf 89' lang='lat' dir='ltr'>denda</span> <span class='ocrx_word' id='word_1_62' title='bbox 400 1545 516 1606; x_wconf 83' lang='lat' dir='ltr'>cantica</span> <span class='ocrx_word' id='word_1_63' title='bbox 537 1547 704 1627; x_wconf 82' lang='lat' dir='ltr'>Euripidis,</span> <span class='ocrx_word' id='word_1_64' title='bbox 725 1548 758 1608; x_wconf 92' lang='lat' dir='ltr'>in</span> <span class='ocrx_word' id='word_1_65' title='bbox 779 1567 837 1626; x_wconf 92' lang='lat' dir='ltr'>quo</span> <span class='ocrx_word' id='word_1_66' title='bbox 858 1547 934 1607; x_wconf 83' lang='lat' dir='ltr'>varii</span> <span class='ocrx_word' id='word_1_67' title='bbox 955 1546 1048 1626; x_wconf 85' lang='lat' dir='ltr'>panni</span> <span class='ocrx_word' id='word_1_68' title='bbox 1068 1565 1104 1606; x_wconf 85' lang='lat' dir='ltr'>ex</span> <span class='ocrx_word' id='word_1_69' title='bbox 1124 1545 1190 1624; x_wconf 91' lang='lat' dir='ltr'>ejus</span> <span class='ocrx_word' id='word_1_70' title='bbox 1211 1544 1354 1605; x_wconf 83' lang='lat' dir='ltr'>dramatis</span> 
     </span>
     <span class='ocr_line' id='line_1_13' title="bbox 272 1639 1352 1722; baseline 0.002 -26"><span class='ocrx_word' id='word_1_71' title='bbox 272 1641 390 1700; x_wconf 89' lang='lat' dir='ltr'>consuti</span> <span class='ocrx_word' id='word_1_72' title='bbox 421 1648 505 1713; x_wconf 88' lang='lat' dir='ltr'>sunt;</span> <span class='ocrx_word' id='word_1_73' title='bbox 535 1644 638 1716; x_wconf 88' lang='lat' dir='ltr'>verba,</span> <span class='ocrx_word' id='word_1_74' title='bbox 671 1663 746 1722; x_wconf 87' lang='lat' dir='ltr'>quae</span> <span class='ocrx_word' id='word_1_75' title='bbox 777 1663 813 1704; x_wconf 82' lang='lat' dir='ltr'>ex</span> <span class='ocrx_word' id='word_1_76' title='bbox 844 1643 963 1704; x_wconf 80' lang='lat' dir='ltr'>scholiis</span> <span class='ocrx_word' id='word_1_77' title='bbox 988 1648 1071 1722; x_wconf 88' lang='lat' dir='ltr'>patet</span> <span class='ocrx_word' id='word_1_78' title='bbox 1100 1660 1162 1702; x_wconf 90' lang='lat' dir='ltr'>esse</span> <span class='ocrx_word' id='word_1_79' title='bbox 1183 1639 1352 1719; x_wconf 85' lang='lat' dir='ltr'>Euripidea,</span> 
     </span>
     <span class='ocr_line' id='line_1_14' title="bbox 271 1733 989 1822; baseline 0.008 -30"><span class='ocrx_word' id='word_1_80' title='bbox 271 1733 450 1822; x_wconf 78' lang='lat' dir='ltr'>largioribus</span> <span class='ocrx_word' id='word_1_81' title='bbox 470 1737 549 1798; x_wconf 91' lang='lat' dir='ltr'>inter</span> <span class='ocrx_word' id='word_1_82' title='bbox 568 1739 671 1800; x_wconf 84' lang='lat' dir='ltr'>literas</span> <span class='ocrx_word' id='word_1_83' title='bbox 692 1739 854 1818; x_wconf 85' lang='lat' dir='ltr'>designabo</span> <span class='ocrx_word' id='word_1_84' title='bbox 874 1738 989 1818; x_wconf 91' lang='lat' dir='ltr'>spatiis.</span> 
     </span>
    </p>

    <p class='ocr_par' dir='ltr' id='par_1_5' title="bbox 399 1831 1261 2490">
     <span class='ocr_line' id='line_1_15' title="bbox 399 1831 1261 1922; baseline -0.001 -25"><span class='ocrx_word' id='word_1_85' title='bbox 399 1833 408 1870; x_wconf 87' lang='lat'>¹</span> <span class='ocrx_word' id='word_1_86' title='bbox 433 1831 643 1910; x_wconf 77' lang='grc' dir='ltr'>ἀλκυόνες,</span> <span class='ocrx_word' id='word_1_87' title='bbox 671 1834 710 1901; x_wconf 80' lang='grc' dir='ltr'>αἳ</span> <span class='ocrx_word' id='word_1_88' title='bbox 736 1834 828 1922; x_wconf 88' lang='grc' dir='ltr'>παρ’</span> <span class='ocrx_word' id='word_1_89' title='bbox 857 1834 1021 1908; x_wconf 76' lang='grc' dir='ltr'>ἀενάοις</span> <span class='ocrx_word' id='word_1_90' title='bbox 1051 1831 1261 1906; x_wconf 80' lang='grc' dir='ltr'>θαλάσσας</span> 
     </span>
     <span class='ocr_line' id='line_1_16' title="bbox 431 1929 878 2013; baseline 0.007 -20"><span class='ocrx_word' id='word_1_91' title='bbox 431 1931 575 2011; x_wconf 79' lang='grc' dir='ltr'>κύμασι</span> <span class='ocrx_word' id='word_1_92' title='bbox 607 1929 878 2013; x_wconf 76' lang='grc' dir='ltr'>στωμύλλετε,</span> 
     </span>
     <span class='ocr_line' id='line_1_17' title="bbox 432 2026 883 2113; baseline 0.009 -26"><span class='ocrx_word' id='word_1_93' title='bbox 432 2026 601 2110; x_wconf 78' lang='grc' dir='ltr'>τέγγουσαι</span> <span class='ocrx_word' id='word_1_94' title='bbox 623 2030 743 2102; x_wconf 81' lang='grc' dir='ltr'>νοτίαις·</span> <span class='ocrx_word' id='word_1_95' title='bbox 762 2030 883 2113; x_wconf 81' lang='grc' dir='ltr'>πτερῶν</span> 
     </span>
     <span class='ocr_line' id='line_1_18' title="bbox 430 2116 890 2208; baseline 0.007 -26"><span class='ocrx_word' id='word_1_96' title='bbox 430 2116 537 2203; x_wconf 79' lang='grc' dir='ltr'>ῥανίσι</span> <span class='ocrx_word' id='word_1_97' title='bbox 558 2123 640 2208; x_wconf 81' lang='grc' dir='ltr'>χρόα</span> <span class='ocrx_word' id='word_1_98' title='bbox 664 2117 890 2207; x_wconf 71' lang='grc' dir='ltr'>δροσιζόμεναι·</span> 
     </span>
     <span class='ocr_line' id='line_1_19' title="bbox 431 2213 947 2303; baseline 0.006 -26"><span class='ocrx_word' id='word_1_99' title='bbox 431 2214 463 2277; x_wconf 80' lang='grc' dir='ltr'>αἵ</span> <span class='ocrx_word' id='word_1_100' title='bbox 486 2213 513 2280; x_wconf 89' lang='grc' dir='ltr'>θ’</span> <span class='ocrx_word' id='word_1_101' title='bbox 535 2216 709 2303; x_wconf 83' lang='grc' dir='ltr'>ὑπωρόφιοι</span> <span class='ocrx_word' id='word_1_102' title='bbox 729 2217 805 2281; x_wconf 82' lang='grc' dir='ltr'>κατὰ</span> <span class='ocrx_word' id='word_1_103' title='bbox 826 2220 947 2302; x_wconf 82' lang='grc' dir='ltr'>γωνίας</span> 
     </span>
     <span class='ocr_line' id='line_1_20' title="bbox 429 2309 1084 2398; baseline 0.005 -26"><span class='ocrx_word' id='word_1_104' title='bbox 429 2310 707 2377; x_wconf 79' lang='grc' dir='ltr'>εἷειειειειειλίσσετε</span> <span class='ocrx_word' id='word_1_105' title='bbox 729 2309 896 2386; x_wconf 73' lang='grc' dir='ltr'>δακτύλοις</span> <span class='ocrx_word' id='word_1_106' title='bbox 918 2311 1084 2398; x_wconf 79' lang='grc' dir='ltr'>φάλαγγες</span> 
     </span>
     <span class='ocr_line' id='line_1_21' title="bbox 430 2407 793 2490; baseline 0.008 -22"><span class='ocrx_word' id='word_1_107' title='bbox 430 2407 576 2471; x_wconf 83' lang='grc' dir='ltr'>ἷστότουα</span> <span class='ocrx_word' id='word_1_108' title='bbox 598 2411 793 2490; x_wconf 83' lang='grc' dir='ltr'>πηνίσματα,</span> 
     </span>
    </p>

    <p class='ocr_par' dir='ltr' id='par_1_6' title="bbox 393 2497 979 2586">
     <span class='ocr_line' id='line_1_22' title="bbox 393 2497 979 2586; baseline 0.003 -23"><span class='ocrx_word' id='word_1_109' title='bbox 393 2497 614 2586; x_wconf 61' lang='grc' dir='ltr'>’κερκίδος</span> <span class='ocrx_word' id='word_1_110' title='bbox 635 2497 775 2565; x_wconf 79' lang='grc' dir='ltr'>ἀοιδοῦ</span> <span class='ocrx_word' id='word_1_111' title='bbox 797 2498 979 2584; x_wconf 83' lang='grc' dir='ltr'>μελέτας,</span> 
     </span>
    </p>

    <p class='ocr_par' dir='ltr' id='par_1_7' title="bbox 395 2592 1015 2683">
     <span class='ocr_line' id='line_1_23' title="bbox 395 2592 1015 2683; baseline 0.002 -24"><span class='ocrx_word' id='word_1_112' title='bbox 395 2594 475 2659; x_wconf 66' lang='grc' dir='ltr'>3’ἶν’</span> <span class='ocrx_word' id='word_1_113' title='bbox 498 2600 515 2660; x_wconf 90' lang='grc' dir='ltr'>ὁ</span> <span class='ocrx_word' id='word_1_114' title='bbox 539 2596 741 2683; x_wconf 77' lang='grc' dir='ltr'>φίλαυλος</span> <span class='ocrx_word' id='word_1_115' title='bbox 763 2596 909 2662; x_wconf 69' lang='grc' dir='ltr'>ἔπαλλε</span> <span class='ocrx_word' id='word_1_116' title='bbox 932 2592 1015 2661; x_wconf 89' lang='grc' dir='ltr'>δελ·</span> 
     </span>
    </p>

    <p class='ocr_par' dir='ltr' id='par_1_8' title="bbox 396 2679 1014 2866">
     <span class='ocr_line' id='line_1_24' title="bbox 396 2679 1014 2781; baseline -0.003 -25"><span class='ocrx_word' id='word_1_117' title='bbox 396 2679 495 2781; x_wconf 64' lang='lat' dir='ltr'>⁴§pic</span> <span class='ocrx_word' id='word_1_118' title='bbox 527 2690 696 2778; x_wconf 69' lang='grc' dir='ltr'>πρῴραις</span> <span class='ocrx_word' id='word_1_119' title='bbox 718 2689 1014 2775; x_wconf 76' lang='grc' dir='ltr'>κυανεμβόλοις·</span> 
     </span>
     <span class='ocr_line' id='line_1_25' title="bbox 419 2780 811 2866; baseline 0 -18"><span class='ocrx_word' id='word_1_120' title='bbox 419 2780 557 2866; x_wconf 74' lang='grc' dir='ltr'>ίμαντεῖα</span> <span class='ocrx_word' id='word_1_121' title='bbox 579 2791 628 2850; x_wconf 82' lang='grc' dir='ltr'>καὶ</span> <span class='ocrx_word' id='word_1_122' title='bbox 653 2781 811 2859; x_wconf 77' lang='grc' dir='ltr'>σταδίους.</span> 
     </span>
    </p>

    <p class='ocr_par' dir='ltr' id='par_1_9' title="bbox 394 2878 970 3061">
     <span class='ocr_line' id='line_1_26' title="bbox 394 2878 970 2966; baseline 0.002 -23"><span class='ocrx_word' id='word_1_123' title='bbox 394 2881 407 2916; x_wconf 79' lang='lat'><em>⁶</em></span> <span class='ocrx_word' id='word_1_124' title='bbox 430 2878 630 2955; x_wconf 77' lang='grc' dir='ltr'>οἰνάνθας,</span> <span class='ocrx_word' id='word_1_125' title='bbox 652 2879 934 2966; x_wconf 75' lang='grc' dir='ltr'>γάνοςὰμπίλου,</span> <span class='ocrx_word' id='word_1_126' title='bbox 967 2911 970 2938; x_wconf 86' lang='grc' dir='ltr'>ι</span> 
     </span>
     <span class='ocr_line' id='line_1_27' title="bbox 429 2971 913 3061; baseline -0.002 -23"><span class='ocrx_word' id='word_1_127' title='bbox 429 2971 573 3061; x_wconf 79' lang='grc' dir='ltr'>βότρυος</span> <span class='ocrx_word' id='word_1_128' title='bbox 594 2975 680 3040; x_wconf 77' lang='grc' dir='ltr'>ἕλικα</span> <span class='ocrx_word' id='word_1_129' title='bbox 701 2979 913 3040; x_wconf 75' lang='grc' dir='ltr'>παυσίπονον·</span> 
     </span>
    </p>

    <p class='ocr_par' dir='ltr' id='par_1_10' title="bbox 394 3067 1036 3157">
     <span class='ocr_line' id='line_1_28' title="bbox 394 3067 1036 3157; baseline -0.002 -22"><span class='ocrx_word' id='word_1_130' title='bbox 394 3069 408 3108; x_wconf 75' lang='lat'>⁶</span> <span class='ocrx_word' id='word_1_131' title='bbox 428 3067 646 3157; x_wconf 85' lang='grc' dir='ltr'>περίβαλλ’,</span> <span class='ocrx_word' id='word_1_132' title='bbox 669 3071 692 3134; x_wconf 85' lang='grc' dir='ltr'><strong><em>ὦ</em></strong></span> <span class='ocrx_word' id='word_1_133' title='bbox 712 3073 861 3143; x_wconf 86' lang='grc' dir='ltr'>τίκνον,</span> <span class='ocrx_word' id='word_1_134' title='bbox 883 3067 1036 3142; x_wconf 76' lang='grc' dir='ltr'>ὠλένας.</span> 
     </span>
    </p>
   </div>
   <div class='ocr_carea' id='block_1_5' title="bbox 306 3223 1045 3304">
    <p class='ocr_par' dir='ltr' id='par_1_11' title="bbox 306 3223 1045 3304">
     <span class='ocr_line' id='line_1_29' title="bbox 306 3223 1045 3304; baseline -0.008 -16"><span class='ocrx_word' id='word_1_135' title='bbox 306 3225 389 3289; x_wconf 77' lang='lat' dir='ltr'>laid.</span> <span class='ocrx_word' id='word_1_136' title='bbox 410 3244 453 3287; x_wconf 83' lang='lat' dir='ltr'>vs.</span> <span class='ocrx_word' id='word_1_137' title='bbox 477 3228 553 3285; x_wconf 80' lang='lat'>1325</span> <span class='ocrx_word' id='word_1_138' title='bbox 575 3243 639 3304; x_wconf 89' lang='lat' dir='ltr'>sqq.</span> <span class='ocrx_word' id='word_1_139' title='bbox 660 3224 825 3304; x_wconf 90' lang='lat' dir='ltr'>Aeschylus</span> <span class='ocrx_word' id='word_1_140' title='bbox 846 3223 1045 3284; x_wconf 83' lang='lat' dir='ltr'>acerbissime:</span> 
     </span>
    </p>
   </div>
   <div class='ocr_carea' id='block_1_6' title="bbox 426 3325 922 3402">
    <p class='ocr_par' dir='ltr' id='par_1_12' title="bbox 426 3325 922 3402">
     <span class='ocr_line' id='line_1_30' title="bbox 426 3325 922 3402; baseline -0.002 -18"><span class='ocrx_word' id='word_1_141' title='bbox 426 3327 543 3386; x_wconf 82' lang='grc' dir='ltr'>τοιαυτὶ</span> <span class='ocrx_word' id='word_1_142' title='bbox 565 3325 669 3402; x_wconf 76' lang='grc' dir='ltr'>μέντοι</span> <span class='ocrx_word' id='word_1_143' title='bbox 691 3325 729 3386; x_wconf 86' lang='grc' dir='ltr'>σὺ</span> <span class='ocrx_word' id='word_1_144' title='bbox 750 3325 853 3387; x_wconf 81' lang='grc' dir='ltr'>ποιῶν</span> <span class='ocrx_word' id='word_1_145' title='bbox 920 3367 922 3374; x_wconf 69' lang='lat'><em>,</em></span> 
     </span>
    </p>
   </div>
   <div class='ocr_carea' id='block_1_7' title="bbox 427 3415 892 3693">
    <p class='ocr_par' dir='ltr' id='par_1_13' title="bbox 427 3415 892 3693">
     <span class='ocr_line' id='line_1_31' title="bbox 427 3415 892 3501; baseline 0 -21"><span class='ocrx_word' id='word_1_146' title='bbox 427 3415 551 3501; x_wconf 72' lang='grc' dir='ltr'>τολμᾷς</span> <span class='ocrx_word' id='word_1_147' title='bbox 569 3416 650 3499; x_wconf 78' lang='grc' dir='ltr'>τάμὰ</span> <span class='ocrx_word' id='word_1_148' title='bbox 671 3417 749 3498; x_wconf 76' lang='grc' dir='ltr'>μέλη</span> <span class='ocrx_word' id='word_1_149' title='bbox 771 3419 892 3501; x_wconf 76' lang='grc' dir='ltr'>ψέγειν,</span> 
     </span>
     <span class='ocr_line' id='line_1_32' title="bbox 427 3499 830 3596; baseline 0 -22"><span class='ocrx_word' id='word_1_150' title='bbox 427 3509 487 3575; x_wconf 71' lang='lat' dir='ltr'>«ivd</span> <span class='ocrx_word' id='word_1_151' title='bbox 510 3499 549 3574; x_wconf 38' lang='grc' dir='ltr'>τὸ,</span> <span class='ocrx_word' id='word_1_152' title='bbox 567 3506 830 3596; x_wconf 81' lang='grc' dir='ltr'>δωδεκαμήχανον</span> 
     </span>
     <span class='ocr_line' id='line_1_33' title="bbox 429 3604 807 3693; baseline 0.011 -23"><span class='ocrx_word' id='word_1_153' title='bbox 429 3608 579 3693; x_wconf 80' lang='grc' dir='ltr'>Κυρήνης</span> <span class='ocrx_word' id='word_1_154' title='bbox 599 3604 807 3690; x_wconf 54' lang='grc' dir='ltr'>μελοποιιῖινῐῚῚ</span> 
     </span>
    </p>
   </div>
   <div class='ocr_carea' id='block_1_8' title="bbox 265 3756 1344 4541">
    <p class='ocr_par' dir='ltr' id='par_1_14' title="bbox 265 3756 1344 3982">
     <span class='ocr_line' id='line_1_34' title="bbox 299 3756 1344 3822; baseline -0.007 -13"><span class='ocrx_word' id='word_1_155' title='bbox 299 3756 470 3809; x_wconf 86' lang='lat' dir='ltr'>¹Secundnm</span> <span class='ocrx_word' id='word_1_156' title='bbox 494 3756 572 3806; x_wconf 87' lang='lat' dir='ltr'>schol.</span> <span class='ocrx_word' id='word_1_157' title='bbox 596 3771 629 3806; x_wconf 87' lang='lat' dir='ltr'>ex</span> <span class='ocrx_word' id='word_1_158' title='bbox 656 3756 741 3821; x_wconf 83' lang='lat' dir='ltr'>lphig.</span> <span class='ocrx_word' id='word_1_159' title='bbox 766 3757 873 3817; x_wconf 77' lang='lat' dir='ltr'>Aulid.;</span> <span class='ocrx_word' id='word_1_160' title='bbox 901 3757 945 3807; x_wconf 89' lang='lat' dir='ltr'>sed</span> <span class='ocrx_word' id='word_1_161' title='bbox 960 3758 1094 3822; x_wconf 86' lang='lat' dir='ltr'>legendnm</span> <span class='ocrx_word' id='word_1_162' title='bbox 1111 3757 1209 3807; x_wconf 85' lang='lat' dir='ltr'>videtur</span> <span class='ocrx_word' id='word_1_163' title='bbox 1228 3757 1302 3806; x_wconf 79' lang='grc' dir='ltr'>Τααν.</span> <span class='ocrx_word' id='word_1_164' title='bbox 1320 3762 1344 3804; x_wconf 89' lang='lat' dir='ltr'>et</span> 
     </span>
     <span class='ocr_line' id='line_1_35' title="bbox 265 3837 979 3901; baseline -0.004 -16"><span class='ocrx_word' id='word_1_165' title='bbox 265 3839 354 3901; x_wconf 84' lang='lat' dir='ltr'>respici</span> <span class='ocrx_word' id='word_1_166' title='bbox 370 3851 457 3886; x_wconf 84' lang='lat' dir='ltr'>versus</span> <span class='ocrx_word' id='word_1_167' title='bbox 477 3837 551 3886; x_wconf 82' lang='lat'>1089:</span> <span class='ocrx_word' id='word_1_168' title='bbox 976 3841 979 3844; x_wconf 84' lang='grc'><em>“</em></span> 
     </span>
     <span class='ocr_line' id='line_1_36' title="bbox 265 3915 1342 3982; baseline 0.001 -17"><span class='ocrx_word' id='word_1_169' title='bbox 265 3918 347 3981; x_wconf 87' lang='grc' dir='ltr'>ὄρνις,</span> <span class='ocrx_word' id='word_1_170' title='bbox 365 3920 382 3966; x_wconf 87' lang='lat' dir='ltr'>d</span> <span class='ocrx_word' id='word_1_171' title='bbox 401 3919 471 3981; x_wconf 87' lang='grc' dir='ltr'>παρὰ</span> <span class='ocrx_word' id='word_1_172' title='bbox 490 3916 610 3980; x_wconf 86' lang='grc' dir='ltr'>πετρίνας</span> <span class='ocrx_word' id='word_1_173' title='bbox 628 3917 725 3965; x_wconf 87' lang='grc' dir='ltr'>πόντου</span> <span class='ocrx_word' id='word_1_174' title='bbox 742 3915 872 3982; x_wconf 79' lang='grc' dir='ltr'>δειράδας,</span> <span class='ocrx_word' id='word_1_175' title='bbox 890 3917 1004 3978; x_wconf 76' lang='grc' dir='ltr'>ἀλκυών,</span> <span class='ocrx_word' id='word_1_176' title='bbox 1022 3919 1111 3982; x_wconf 82' lang='grc' dir='ltr'>ἔλεγον</span> <span class='ocrx_word' id='word_1_177' title='bbox 1129 3917 1230 3982; x_wconf 73' lang='grc' dir='ltr'>οἰκτρὸν</span> <span class='ocrx_word' id='word_1_178' title='bbox 1247 3915 1342 3973; x_wconf 80' lang='grc' dir='ltr'>ἀείδεις.</span> 
     </span>
    </p>

    <p class='ocr_par' dir='ltr' id='par_1_15' title="bbox 298 3995 987 4060">
     <span class='ocr_line' id='line_1_37' title="bbox 298 3995 987 4060; baseline -0.004 -13"><span class='ocrx_word' id='word_1_179' title='bbox 298 3995 309 4028; x_wconf 78' lang='lat'>²</span> <span class='ocrx_word' id='word_1_180' title='bbox 324 3999 367 4047; x_wconf 86' lang='lat' dir='ltr'>Ex</span> <span class='ocrx_word' id='word_1_181' title='bbox 386 3996 525 4060; x_wconf 82' lang='lat' dir='ltr'>Meleagro,</span> <span class='ocrx_word' id='word_1_182' title='bbox 543 4009 591 4047; x_wconf 88' lang='lat' dir='ltr'>see.</span> <span class='ocrx_word' id='word_1_183' title='bbox 607 3996 684 4045; x_wconf 86' lang='lat' dir='ltr'>schol.</span> <span class='ocrx_word' id='word_1_184' title='bbox 703 3997 815 4060; x_wconf 76' lang='lat' dir='ltr'>(Eragm.</span> <span class='ocrx_word' id='word_1_185' title='bbox 832 3998 881 4049; x_wconf 78' lang='lat'>527</span> <span class='ocrx_word' id='word_1_186' title='bbox 897 3996 987 4058; x_wconf 88' lang='lat' dir='ltr'>Dind.)</span> 
     </span>
    </p>

    <p class='ocr_par' dir='ltr' id='par_1_16' title="bbox 298 4075 630 4139">
     <span class='ocr_line' id='line_1_38' title="bbox 298 4075 630 4139; baseline -0.003 -14"><span class='ocrx_word' id='word_1_187' title='bbox 298 4075 309 4106; x_wconf 83' lang='lat'><strong>³</strong></span> <span class='ocrx_word' id='word_1_188' title='bbox 324 4077 367 4125; x_wconf 87' lang='lat' dir='ltr'>Ex</span> <span class='ocrx_word' id='word_1_189' title='bbox 383 4076 484 4126; x_wconf 81' lang='lat' dir='ltr'>Electra</span> <span class='ocrx_word' id='word_1_190' title='bbox 500 4077 547 4139; x_wconf 83' lang='lat' dir='ltr'>(rs.</span> <span class='ocrx_word' id='word_1_191' title='bbox 563 4077 630 4139; x_wconf 74' lang='grc'><strong>436).</strong></span> 
     </span>
    </p>

    <p class='ocr_par' dir='ltr' id='par_1_17' title="bbox 265 4155 1341 4302">
     <span class='ocr_line' id='line_1_39' title="bbox 299 4155 1341 4220; baseline -0.004 -14"><span class='ocrx_word' id='word_1_192' title='bbox 299 4155 442 4206; x_wconf 82' lang='lat' dir='ltr'>⁴Leterem</span> <span class='ocrx_word' id='word_1_193' title='bbox 468 4157 547 4214; x_wconf 85' lang='lat' dir='ltr'>levet,</span> <span class='ocrx_word' id='word_1_194' title='bbox 572 4156 685 4220; x_wconf 88' lang='lat' dir='ltr'>quisquis</span> <span class='ocrx_word' id='word_1_195' title='bbox 710 4155 771 4206; x_wconf 80' lang='lat' dir='ltr'>haee</span> <span class='ocrx_word' id='word_1_196' title='bbox 795 4157 890 4220; x_wconf 87' lang='lat' dir='ltr'>disjecti</span> <span class='ocrx_word' id='word_1_197' title='bbox 913 4157 1026 4206; x_wconf 88' lang='lat' dir='ltr'>membra</span> <span class='ocrx_word' id='word_1_198' title='bbox 1047 4163 1133 4220; x_wconf 87' lang='lat' dir='ltr'>poetae</span> <span class='ocrx_word' id='word_1_199' title='bbox 1151 4157 1176 4205; x_wconf 87' lang='lat' dir='ltr'>in</span> <span class='ocrx_word' id='word_1_200' title='bbox 1194 4155 1341 4204; x_wconf 87' lang='lat' dir='ltr'>sententiam</span> 
     </span>
     <span class='ocr_line' id='line_1_40' title="bbox 265 4236 1096 4302; baseline 0.001 -18"><span class='ocrx_word' id='word_1_201' title='bbox 265 4236 418 4286; x_wconf 85' lang='lat' dir='ltr'>tolerabilem</span> <span class='ocrx_word' id='word_1_202' title='bbox 430 4236 539 4302; x_wconf 84' lang='lat' dir='ltr'>jungere</span> <span class='ocrx_word' id='word_1_203' title='bbox 557 4236 623 4285; x_wconf 83' lang='lat' dir='ltr'>velit.</span> <span class='ocrx_word' id='word_1_204' title='bbox 1091 4282 1096 4294; x_wconf 92' lang='grc'>,</span> 
     </span>
    </p>

    <p class='ocr_par' dir='ltr' id='par_1_18' title="bbox 266 4314 1342 4462">
     <span class='ocr_line' id='line_1_41' title="bbox 299 4314 1342 4382; baseline 0 -18"><span class='ocrx_word' id='word_1_205' title='bbox 299 4315 369 4364; x_wconf 72' lang='lat' dir='ltr'>‘Ad</span> <span class='ocrx_word' id='word_1_206' title='bbox 393 4315 452 4364; x_wconf 89' lang='lat' dir='ltr'>illud</span> <span class='ocrx_word' id='word_1_207' title='bbox 477 4330 510 4365; x_wconf 84' lang='lat' dir='ltr'>ex</span> <span class='ocrx_word' id='word_1_208' title='bbox 535 4314 672 4380; x_wconf 81' lang='lat' dir='ltr'>Hypsipyle</span> <span class='ocrx_word' id='word_1_209' title='bbox 696 4316 834 4382; x_wconf 84' lang='lat' dir='ltr'>Euripidis:</span> <span class='ocrx_word' id='word_1_210' title='bbox 860 4315 967 4365; x_wconf 85' lang='grc' dir='ltr'>οίνὰνθα</span> <span class='ocrx_word' id='word_1_211' title='bbox 993 4315 1073 4381; x_wconf 84' lang='grc' dir='ltr'>τρέφει</span> <span class='ocrx_word' id='word_1_212' title='bbox 1099 4318 1146 4366; x_wconf 87' lang='grc' dir='ltr'>τὸν</span> <span class='ocrx_word' id='word_1_213' title='bbox 1162 4317 1229 4382; x_wconf 81' lang='grc' dir='ltr'>ἱερὸν</span> <span class='ocrx_word' id='word_1_214' title='bbox 1245 4317 1342 4378; x_wconf 80' lang='grc' dir='ltr'>βότρυν</span> 
     </span>
     <span class='ocr_line' id='line_1_42' title="bbox 266 4396 637 4462; baseline 0.003 -17"><span class='ocrx_word' id='word_1_215' title='bbox 266 4396 341 4448; x_wconf 85' lang='lat' dir='ltr'>schol.</span> <span class='ocrx_word' id='word_1_216' title='bbox 359 4399 469 4462; x_wconf 80' lang='lat' dir='ltr'>(Fragm.</span> <span class='ocrx_word' id='word_1_217' title='bbox 486 4400 536 4451; x_wconf 79' lang='lat'>765</span> <span class='ocrx_word' id='word_1_218' title='bbox 553 4399 637 4459; x_wconf 87' lang='lat' dir='ltr'>Dind.)</span> 
     </span>
    </p>

    <p class='ocr_par' dir='ltr' id='par_1_19' title="bbox 298 4476 1042 4541">
     <span class='ocr_line' id='line_1_43' title="bbox 298 4476 1042 4541; baseline -0.004 -14"><span class='ocrx_word' id='word_1_219' title='bbox 298 4477 308 4508; x_wconf 78' lang='lat'>⁶</span> <span class='ocrx_word' id='word_1_220' title='bbox 327 4478 426 4527; x_wconf 82' lang='lat' dir='ltr'>Pariter</span> <span class='ocrx_word' id='word_1_221' title='bbox 442 4492 474 4527; x_wconf 83' lang='lat' dir='ltr'>ex</span> <span class='ocrx_word' id='word_1_222' title='bbox 491 4478 646 4541; x_wconf 87' lang='lat' dir='ltr'>Hypsipyle,</span> <span class='ocrx_word' id='word_1_223' title='bbox 663 4477 739 4527; x_wconf 87' lang='lat' dir='ltr'>schol.</span> <span class='ocrx_word' id='word_1_224' title='bbox 758 4477 870 4540; x_wconf 83' lang='lat' dir='ltr'>(Eragm.</span> <span class='ocrx_word' id='word_1_225' title='bbox 888 4478 938 4528; x_wconf 80' lang='lat'>756</span> <span class='ocrx_word' id='word_1_226' title='bbox 955 4476 1042 4537; x_wconf 81' lang='lat' dir='ltr'>Diod.)</span> 
     </span>
    </p>
   </div>
   <div class='ocr_carea' id='block_1_9' title="bbox 0 0 1616 5170">
    <p class='ocr_par' dir='ltr' id='par_1_20' title="bbox 0 0 1616 5170">
     <span class='ocr_line' id='line_1_44' title="bbox 0 0 1616 5170; baseline 0 5"><span class='ocrx_word' id='word_1_227' title='bbox 0 0 1616 5170; x_wconf 95' lang='lat' dir='ltr'> </span> 
     </span>
    </p>
   </div>
  </div>
 </body>
</html>
