3216 5154
615 994 617 998 ’
680 977 854 1053 CAPUT
880 979 926 1052 V.

535 1194 710 1242 EURIPIDES
735 1197 769 1241 IN
793 1197 896 1243 SOENA
920 1197 1057 1244 RHETOR.

716 1369 883 1384 mm

306 1521 405 1585 Arete
438 1541 512 1584 cum
549 1519 607 1584 illa
629 1521 807 1606 sapientiae
826 1521 1005 1606 jactatione
1028 1520 1177 1586 cohaeret
1199 1520 1336 1585 alterum

262 1631 432 1718 Euripidis
467 1632 600 1716 vitium,
638 1633 678 1697 ab
707 1632 928 1717 Aristophane
958 1631 1169 1698 inclementer
1203 1632 1337 1718 perstri-

262 1752 366 1812 ctum:
406 1744 494 1832 quod
524 1745 599 1830 plus
624 1767 725 1831 aequo
749 1746 818 1832 egit
845 1751 1014 1811 oratorem.
1063 1745 1108 1810 Et
1130 1745 1183 1810 hic
1207 1744 1337 1831 quidem
1431 1803 1438 1816 ,

262 1859 471 1942 pervenimus
517 1858 558 1923 ad
599 1859 695 1944 louge
737 1859 966 1944 gravissimam
1001 1859 1259 1940 accusationem,
1298 1881 1338 1924 ne

262 1970 409 2058 ἀσεβείας
440 1971 572 2057 quidem
594 1972 729 2038 crimine
752 1973 925 2057 leviorem,
951 1973 992 2037 ad
1007 1994 1120 2038 verum
1134 1971 1259 2038 fontem
1272 1971 1338 2037 odii

263 2084 348 2168 quod
382 2085 523 2150 comicus
555 2085 708 2151 adversus
743 2085 903 2171 tragicum
918 2175 921 2180 Ι
936 2085 1078 2172 gerebat.
1127 2084 1213 2150 Nam
1237 2105 1363 2170 quum·

262 2220 299 2262 ea
330 2220 411 2284 quae
443 2200 538 2264 modo
575 2199 786 2266 tractavimus
820 2199 1007 2285 pertineant
1038 2198 1080 2264 ad
1108 2196 1272 2283 judicium
1299 2196 1339 2262 de

261 2310 427 2396 Euripidis
456 2311 611 2378 facultate
633 2312 778 2397 poetica,
803 2313 863 2377 hoc
879 2313 1011 2377 nomine
1021 2309 1237 2397 Aristophani
1248 2309 1337 2376 visus

261 2429 320 2488 est·
337 2429 503 2508 corruptor
520 2424 706 2509 juventutis
731 2432 764 2489 et
786 2447 889 2509 paene
912 2423 1056 2490 civitatis
1080 2423 1249 2508 pernicies.

305 2536 549 2603 Valckenarius
581 2537 616 2601 in
640 2538 780 2623 quodam
804 2538 911 2623 capite
934 2537 1117 2622 praeclarae
1140 2536 1231 2601 illius
1256 2535 1338 2600 Dia-

263 2650 363 2716 tribes
400 2651 468 2735 egit
498 2651 538 2715 de
567 2632 670 2716 abusu
699 2651 903 2736 eloquentiae
935 2650 1023 2735 apud
1054 2649 1201 2732 Atticos,
1227 2655 1260 2714 et
1282 2670 1339 2734 per

261 2763 381 2829 multos
416 2763 502 2828 locos
526 2785 566 2828 ex
583 2763 750 2848 Euripidis
767 2763 888 2829 fabulis
904 2763 1020 2830 allatos
1034 2764 1178 2828 evincere
1194 2761 1337 2844 studuit,
1356 2845 1358 2849 ι

262 2898 337 2942 eum
367 2875 496 2941 nemine
520 2875 652 2960 segnius
675 2875 874 2961 improbasse
897 2875 993 2941 illum
1021 2875 1160 2940 abusum
1180 2874 1200 2938 ¹.
1248 2873 1339 2938 Num

262 3011 334 3054 vero
375 2989 451 3053 inde
485 2988 640 3074 sequitur,
676 2987 796 3073 injuria
828 3011 902 3054 eum
940 2988 980 3058 ab
1014 2985 1236 3072 Aristophane
1268 3007 1338 3052 esse

261 3105 428 3167 taxatum?
484 3101 559 3165 Non
583 3107 672 3186 puto.
710 3101 796 3166 Nam
819 3107 857 3167 ut
879 3102 1048 3188 omittam,
1073 3123 1139 3166 non
1163 3100 1243 3166 satis
1267 3121 1338 3165 esse

260 3215 385 3300 aliquot
407 3215 505 3282 locos
529 3214 744 3281 sententiosos
767 3215 927 3300 proferre,
952 3224 990 3281 ut
1011 3215 1127 3301 probes
1145 3213 1337 3300 Euripidem

166 3344 169 3350 ’
261 3329 464 3395 abstinuisse
495 3351 514 3394 a
544 3329 630 3394 malo
653 3329 823 3395 facundiae
847 3351 925 3413 usu,
950 3339 985 3394 at
1007 3351 1073 3393 non
1095 3329 1216 3394 abusus
1240 3326 1336 3392 modo

261 3444 316 3508 sed
353 3445 422 3528 ipse
455 3443 654 3528 frequentior
689 3465 767 3508 usus
791 3443 994 3529 eloquentiae
1018 3443 1141 3508 comico
1165 3441 1335 3507 videbatur

294 3740 299 3769 ¹
333 3739 463 3804 Frigidam
485 3741 592 3804 gratiam
610 3756 650 3790 me
665 3741 785 3790 initurum
801 3727 925 3805 putarem,
944 3743 966 3790 si
984 3741 1050 3790 locos
1066 3739 1122 3789 illos
1140 3739 1304 3788 describerem
1322 3752 1336 3786 e

260 3828 421 3878 Valckenarii
446 3830 573 3879 notissimo
599 3845 681 3895 opera.
715 3831 803 3882 Unum
828 3831 930 3890 eddam,
954 3845 1004 3878 nou
1027 3829 1109 3879 abeo
1130 3829 1244 3886 allatum,
1261 3842 1335 3890 quem

259 3917 367 3980 legimus
384 3918 450 3981 apud
466 3919 629 3968 Plutarchum
646 3920 737 3970 Mor-al.
755 3935 810 3984 pag.
828 3920 876 3968 539
893 3920 924 3974 Β,
938 3919 978 3968 ubi
990 3918 1123 3982 Euripides
1136 3917 1230 3966 civium
1239 3917 1336 3964 dicendi

259 4007 393 4056 lubidinem
410 4009 436 4056 in
453 4009 518 4058 hunc
534 4011 635 4058 modum
652 4009 767 4073 corripit:

485 4122 506 4170 εἰ
522 4121 543 4172 δ’
559 4123 627 4182 ἦσαν
643 4122 815 4186 ἀνθρώποισιν
831 4123 923 4182 ὠνητοὶ
941 4122 1025 4186 λόγοι,

487 4210 566 4268 οὐδεὶς
584 4211 617 4261 ἂν
633 4210 715 4260 αὑτὸν
731 4211 756 4259 εὖ
773 4208 854 4273 λέγειν
872 4208 1001 4271 ἐβούλετο.

486 4301 534 4348 νῦν
552 4297 581 4360 δ’,
599 4299 624 4347 ἐκ
640 4297 746 4361 βαθείας
764 4300 819 4362 γὰρΙ
830 4298 951 4361 πάρεστιν
968 4297 1068 4362 αἰθέρος
1155 4334 1157 4340 .

486 4387 579 4450 λαβεῖν
596 4387 697 4451 ἀμισθί,
715 4389 767 4445 πᾶς
784 4405 822 4444 τις
839 4386 922 4446 ἣδεται
937 4385 1019 4451 λέγων
1142 4369 1154 4392 ’

487 4476 518 4522 τά
535 4472 556 4522 τ’
575 4474 639 4523 ὄντα
656 4476 696 4524 καὶ
714 4475 756 4539 μή·
776 4474 867 4538 ζημίαν
884 4475 932 4538 γὰρ
950 4474 994 4522 οὐκ
1011 4473 1336 4537 ix12.(fragm.968Diud.)
1381 4476 1383 4479 ’

1155 4566 1199 4627 5*
