3216 5154
808 408 857 469 -so

345 591 418 656 Non
451 596 531 675 puto
563 589 710 674 pluribus
735 590 892 676 exemplis
917 612 968 656 me
991 591 1137 678 indigere
1160 593 1277 677 quibus
1301 615 1367 658 rem

301 706 527 769 demonstrem.
553 703 703 768 Addatur
724 724 826 768 unum
844 709 961 768 tamen.
997 703 1036 767 In
1049 703 1292 771 Andromaches
1304 706 1369 772 fine

225 859 228 866 ·
300 819 409 884 Thetis
433 817 543 899 adest,
568 823 601 882 et
622 816 776 882 miserum
799 838 908 882 senem
934 817 1047 900 Pelea,
1070 817 1126 902 qui
1149 817 1310 902 projectus
1334 819 1369 883 in

299 930 465 1016 pulverem
493 928 589 994 deflet
611 928 755 994 excisum
783 929 937 994 ultimum
960 930 1011 994 sui
1033 931 1161 1014 generis
1186 931 1367 1011 surculum,

299 1043 435 1109 mirifico
473 1042 569 1106 modo
611 1043 812 1107 consolatur:
847 1065 963 1128 nempe
997 1043 1093 1108 deum
1122 1043 1217 1128 facit,
1251 1064 1368 1130 purum

299 1165 415 1242 putum
438 1157 536 1220 deum
558 1155 775 1221 immortalem
799 1157 862 1240 (vs.
892 1158 1005 1242 1256),
1022 1156 1280 1242 redintegratum
1295 1181 1369 1224 cum

300 1292 337 1335 eo
375 1270 521 1356 nuptiaS,
561 1290 618 1354 per
657 1270 871 1356 quadraginta
911 1271 1025 1356 opinor
1061 1292 1165 1336 annos
1205 1271 1367 1336 intermis-

300 1405 361 1448 sas.
402 1384 503 1448 Divae
521 1384 625 1469 jussis
647 1385 873 1470 obtemperans
898 1385 1015 1451 Peleus
1037 1389 1125 1451 παύει
1137 1384 1252 1460 λύπην.
1277 1388 1369 1471 Rogo

300 1507 428 1580 tamen:
452 1506 602 1583 potestne
625 1500 739 1584 h'omo‘,
764 1500 815 1566 vel
839 1501 897 1566 deo
916 1499 1072 1584 jubente,
1090 1521 1208 1586 ponere
1224 1499 1369 1564 luctum?

302 1612 414 1678 Unum
446 1611 566 1678 dixeris
598 1621 726 1699 tempus
757 1635 852 1698 posse
879 1613 1035 1678 obducere
1060 1612 1224 1677 cicatrices
1248 1611 1368 1676 talibus

300 1727 504 1810 vulneribuS,
528 1750 594 1793 non
614 1750 688 1793 vero
714 1728 917 1794 sufficereut
939 1727 1057 1812 aliquis
1081 1747 1270 1812 superorum
1282 1723 1370 1789 dicat

302 1842 368 1906 “ue
390 1840 507 1926 luge,”
534 1843 575 1907 ad
599 1842 766 1908 siccandas
792 1843 941 1907 lacrimas
964 1841 1004 1907 ob
1020 1849 1152 1926 gentem
1163 1840 1228 1907 cari
1240 1825 1370 1924 nepotis

300 1954 396 2019 caede
418 1957 596 2020 extinctam
624 1956 772 2022 fluentes.

345 2068 385 2132 ln
414 2069 465 2132 his
499 2069 592 2134 rebus
620 2069 750 2154 justum
781 2069 913 2134 modum
948 2074 1056 2142 tenere
1087 2088 1152 2134 non
1183 2069 1280 2133 datur
1306 2063 1369 2129 nisi

300 2180 403 2246 menti
425 2181 512 2266 piae,
537 2203 611 2246 vera
633 2181 777 2248 numinis
799 2182 977 2246 reverentia
1000 2183 1161 2266 imbutae,
1184 2189 1369 2276 propterea*

265 2315 267 2319 ’
300 2312 362 2381 que
391 2318 410 2360 a
433 2295 600 2362 subtiliore
622 2297 662 2361 de
684 2297 743 2361 deo
766 2297 818 2362 vel
842 2297 881 2362 de
904 2297 967 2362 diis
991 2297 1212 2384 disputatione
1234 2284 1365 2362 alienae.

219 2485 220 2488 Ἴ
300 2406 413 2494 Neque
445 2409 652 2494 antiquorum
685 2432 787 2496 neque
819 2413 1033 2477 recentiorum
1064 2411 1214 2498 cuiquam
1247 2409 1370 2476 solvere

300 2521 440 2608 contigit
468 2523 618 2608 aenigma
651 2523 751 2607 illud,
778 2525 938 2609 quomodo
962 2526 1115 2612 conjungi
1137 2525 1242 2610 possit
1262 2523 1368 2588 homi·

302 2655 382 2699 num
404 2635 536 2702 libertas
560 2659 632 2702 cum
657 2637 787 2704 coelesti
814 2644 975 2724 potestate
997 2661 1061 2725 qua
1075 2639 1367 2724 omniareguntur3

301 2748 341 2814 de
373 2765 438 2834 qua
469 2770 502 2814 rc
537 2749 622 2815 inter
662 2749 867 2816 Christianos
885 2767 1011 2837 quoque
1031 2751 1124 2837 justo·
1143 2749 1287 2816 acerbius
1308 2769 1371 2834 pu-

300 2869 437 2946 gnatum
464 2867 530 2946 est,
554 2859 707 2948 dogmate
729 2863 1035 2947 praedestinationis
1059 2863 1237 2928 multorum
1259 2862 1372 2927 incen-

301 2974 398 3041 dente
425 2974 560 3040 animos.
611 2975 646 3041 si
668 2977 778 3041 omnia
796 2976 914 3042 referas
938 2977 979 3043 ad
1001 2985 1170 3061 supremae
1191 2973 1369 3040 voluntatis

301 3087 489 3172 arbitrium,
513 3093 619 3152 metus
643 3087 693 3153 est
715 3110 756 3153 ne
776 3077 873 3154 tollas
895 3089 1078 3154 libertatern
1102 3089 1297 3166 humanam3
1319 3086 1369 3152 sin

301 3199 385 3266 hanc
417 3200 580 3264 vindicare
612 3198 711 3282 velis,
741 3221 807 3265 non
840 3201 950 3266 omnia
981 3206 1066 3266 certe
1088 3200 1218 3266 coelesti
1242 3198 1370 3265 numini

302 3313 447 3400 subjecta
469 3311 623 3378 concedas
648 3333 777 3377 necesse
800 3320 867 3395 ert,
893 3311 1027 3399 ideoque
1050 3313 1221 3399 proclivior
1244 3312 1306 3378 eris
1329 3313 1370 3377 ad

302 3426 507 3492 infitiandum
539 3424 782 3511 ‘providentiam
813 3424 968 3491 divinam.
1017 3426 1056 3490 In
1090 3425 1264 3512 tragoediis
1296 3446 1370 3490 vero

302 3539 534 3624 componendis
561 3547 697 3626 utraque
721 3540 883 3606 sentiendi
905 3541 987 3606 ratio
1010 3541 1203 3627 gravissima
1215 3539 1309 3606 affert
1319 3539 1370 3604 in-

303 3653 479 3720 commoda
515 3654 671 3739 sienim,
695 3655 883 3721 numinibus
906 3656 1037 3742 fatoque
1058 3677 1188 3741 prorsus
1212 3653 1369 3735 sublatis,

302 3769 413 3834 omnia
432 3773 550 3834 temere
570 3767 696 3833 evenire
721 3774 865 3853 statuas,
889 3769 992 3834 aberit
1013 3780 1116 3833 nexus
1139 3768 1224 3833 inter
1241 3767 1370 3851 culpam

303 3889 336 3947 et
361 3903 516 3967 poenam,
548 3882 618 3948 sine
645 3903 708 3968 quo
732 3904 795 3947 non
821 3887 929 3968 potest
952 3882 1043 3948 nasci
1065 3880 1172 3969 φόβος
1195 3882 1251 3947 ille
1275 3903 1371 3967 quem

302 3995 495 4064 Aristoteles
527 3995 633 4080 poscit
655 4000 673 4059 ¹.
722 3995 794 4060 Diis
826 4017 901 4060 vero
930 4018 969 4060 ex
1001 3994 1192 4060 inexorabili
1215 3994 1287 4080 lege
1310 3992 1370 4059 fati

303 4109 413 4175 omnia
442 4091 718 4194 gubernantibus,
754 4109 938 4175 dramatum
961 4108 1111 4174 materies
1133 4109 1189 4174 vix
1212 4115 1290 4194 apta
1309 4107 1372 4172 erit

303 4222 344 4287 ad
374 4221 550 4287 movendos
582 4227 787 4306 spectatores.
838 4222 928 4302 Quae
960 4208 1048 4288 enim
1071 4223 1181 4288 futura
1205 4229 1283 4287 sunt
1301 4241 1374 4304 pam

336 4469 344 4500 ¹
379 4469 418 4521 Cf.
436 4485 510 4534 supra
526 4486 576 4534 pag
601 4473 635 4522 23
651 4474 707 4522 adn.
724 4475 741 4524 2
757 4479 781 4522 ct
797 4459 831 4522 24³
847 4471 901 4522 adn.
920 4475 943 4522 3.
