3216 5154
793 397 834 460 50

278 599 351 643 vero
374 577 506 642 omnino
531 599 611 663 opus
632 584 700 644 erat
721 585 787 644 tam
813 579 975 644 laboriosa
998 578 1187 664 agnitione?
1227 577 1262 642 Si
1276 579 1355 643 Ore-

278 698 344 757 stes
368 690 502 756 diceret:
541 694 624 776 “ego
657 713 730 757 sum
753 693 853 758 frater
881 693 998 773 tuus,”
1026 696 1154 776 poterat
1177 691 1212 756 id
1234 690 1355 776 virgini

278 805 391 870 eodem
416 805 482 870 fere
507 805 602 870 modo
627 806 778 891 probare,
804 827 867 890 quo
892 805 987 871 alteri
1011 805 1130 887 sorori,
1153 802 1354 890 Iphigeniae,

278 923 375 984 notus
404 919 443 985 fit
473 921 508 984 in
537 920 691 1004 Tauride,
722 919 802 985 talia
825 920 1125 1001 commemorando,
1140 940 1238 1004 ,quae
1267 918 1355 983 solus

279 1029 409 1097 Orestes
437 1038 548 1119 posset
571 1032 661 1097 scire.
711 1032 782 1096 Hac
806 1030 937 1118 quidem
963 1031 996 1095 in
1020 1054 1054 1096 re
1079 1029 1258 1116 Euripiden
1282 1029 1355 1102 dra-

278 1146 359 1212 mati
389 1146 485 1230 louge
515 1143 685 1209 antecellit
716 1144 948 1238 Aeschyleum,
973 1145 1007 1208 iu
1031 1165 1095 1230 quo
1118 1143 1231 1229 paucis
1255 1142 1356 1208 versi-

279 1260 340 1324 bus
375 1258 555 1324 absolvitur
588 1257 731 1343 agnitio,
770 1279 870 1343 quum
905 1280 963 1344 per
994 1257 1127 1343 longam
1162 1252 1389 1341 Euripideae‘

279 1373 409 1438 fabulae
428 1378 554 1456 partem
573 1372 780 1458 protrahatur
792 1371 811 1436 ¹.
840 1371 889 1436 De
909 1370 1037 1436 callidis
1049 1391 1123 1435 vero
1135 1369 1170 1434 in
1184 1368 1357 1434 Palamede

282 1492 315 1550 et
323 1485 532 1550 Andromeda
544 1485 699 1568 inventis,
708 1506 790 1571 qnae
800 1504 841 1550 ex
849 1483 1080 1570 Aristophanis
1092 1483 1215 1548 salibus
1229 1482 1286 1568 (cf.
1302 1504 1356 1547 su-

268 1620 341 1685 ¹pra
356 1619 430 1684 pag.
448 1601 492 1664 40
504 1599 592 1688 sqq.)
609 1597 781 1680 novimus,
792 1605 897 1664 tacere
908 1598 1007 1680 malo,
1022 1619 1120 1683 quum
1135 1593 1358 1682 efragmentis

284 1712 341 1776 vix
364 1733 502 1796 aequum
522 1711 682 1796 judicium
713 1711 869 1777 constitui
891 1711 997 1795 possit
1018 1710 1057 1775 de
1079 1709 1158 1774 totis
1176 1709 1297 1775 fabulis
1313 1717 1335 1772 ³.

329 1825 380 1888 Ad
411 1825 545 1890 inventa
575 1823 743 1890 callidiora
772 1825 933 1910 pertinere
963 1823 1062 1888 etiam
1094 1822 1224 1888 videtur
1247 1822 1356 1888 creber

281 1937 338 2002 ille
369 1960 448 2003 usus
479 1927 668 2004 somniorum
702 1938 737 2002 in
772 1937 940 2022 Euripidis
976 1936 1117 2019 fabulis,
1155 1953 1251 2021 quem
1287 1935 1360 2000 risit

282 2050 516 2136 Aristophanes
541 2050 575 2114 in
599 2051 812 2117 festivissima
835 2051 1044 2117 imitatione³
1069 2049 1240 2115 monodiae
1261 2071 1359 2135 quam

315 2301 322 2333 ¹
356 2302 426 2351 Vere
441 2301 557 2352 Dindorf.
575 2302 648 2350 Poet.
666 2301 739 2352 Scan.
755 2318 812 2366 pag.
829 2303 873 2352 2οε
910 2303 1025 2353 “Electra
1041 2303 1121 2352 multo
1138 2302 1225 2351 melior
1234 2303 1360 2366 tragoedia
1401 2319 1403 2324 ¹

281 2394 402 2439 “evasura
430 2389 530 2451 suisset,
554 2391 575 2439 si
599 2391 732 2456 Euripides
755 2392 877 2456 Aeschyli
898 2392 925 2440 in
947 2392 1101 2456 Choephoris
1123 2398 1166 2441 aut
1187 2391 1316 2455 Sophoclis
1332 2392 1359 2440 iu

281 2481 399 2530 “Electra
422 2479 566 2543 exemplum
592 2489 688 2530 secutus
701 2490 786 2556 esset,
803 2495 850 2531 nec
867 2483 939 2530 novis
955 2483 1011 2532 illos
1027 2482 1133 2532 inventis
1152 2495 1272 2545 superare
1290 2481 1361 2530 irrito

282 2577 389 2620 “conatu
406 2570 562 2620 studuisset.”

315 2661 392 2724 Apud
413 2660 560 2724 Sophoclem
582 2676 679 2724 quoque
696 2661 833 2726 βοστρύχῳ
852 2661 994 2726 τετμημένῃ)
1011 2661 1156 2725 agnoscitur
1174 2661 1287 2716 Orestae,
1309 2675 1358 2708 nou

281 2759 364 2800 tamen
380 2749 434 2812 ejus
450 2750 533 2800 colore
550 2756 578 2799 ut
595 2752 661 2814 apud
677 2751 845 2815 Aeschylum,
862 2753 904 2800 sed
920 2750 1110 2816 Chrysothemis
1127 2750 1234 2799 invento
1250 2750 1359 2813 adAga-

281 2841 418 2890 memnonis
442 2822 565 2890 tumulum
589 2840 716 2899 cincinno,
740 2841 796 2890 inde
820 2840 938 2904 intelligit
955 2839 1071 2892 Orestem
1089 2840 1135 2889 hoc
1152 2839 1255 2903 pietatis
1270 2839 1359 2904 pignus

283 2929 317 2976 ibi
334 2929 474 2992 deposuisse
492 2931 539 2992 (vs.
553 2931 604 2981 900
619 2932 690 2994 sqq).
724 2931 890 2994 Anagnorisis
907 2938 989 2980 autem
1006 2932 1071 2994 apud
1088 2929 1236 2993 Sophoclem
1250 2943 1299 2978 nou
1310 2929 1360 2976 cito

282 3021 381 3082 quidem
406 3020 445 3078 fit,
471 3035 548 3084 quum
573 3021 674 3069 Electra
695 3019 1133 3084 Orestesqucindears.1098ad
1149 3035 1186 3069 vs.
1207 3020 1270 3072 1172
1285 3020 1359 3068 collo-

282 3116 387 3172 quantur
411 3110 459 3158 sibi
485 3110 591 3160 invicem
617 3110 709 3174 ignoti,
736 3119 761 3160 et
786 3110 873 3160 deinde
897 3113 928 3159 ad
945 3125 983 3160 vs.
1001 3111 1062 3160 1221
1082 3109 1196 3166 Orestes,
1212 3109 1259 3158 etsi
1275 3109 1361 3173 agnita

282 3213 379 3258 sorore,
405 3199 459 3262 quis
484 3199 536 3262 ipse
561 3199 594 3248 sit
617 3199 698 3248 dicere
723 3207 865 3258 cunctetur,
891 3201 934 3248 aad
957 3211 1043 3249 mutua
1067 3199 1161 3263 agnitio
1182 3201 1245 3248 duos
1263 3206 1359 3248 tantum

283 3289 370 3352 implet
386 3287 533 3348 versiculoS,
550 3303 588 3336 vs.
608 3289 671 3339 1222
687 3303 734 3351 sq:

380 3379 477 3426 Elecir.
510 3380 592 3442 ἡγὰρ
609 3381 641 3428 σὺ
658 3383 754 3436 stivam

675 3467 755 3516 Orati.
789 3467 863 3528 τήνδε
881 3467 1067 3532 προςβλὲψασά
1084 3486 1134 3531 μου

509 3554 634 3621 σφραγῖδα
652 3547 753 3621 irarpdp
769 3557 853 3622 ἔκμαθ’
872 3558 892 3606 εἰ
911 3563 978 3623 σαφῆ
995 3557 1071 3622 λέγω.

380 3647 478 3696 Ehctr.
512 3647 675 3710 ὦφίλτατον
692 3653 743 3713 φῶς
760 3655 809 3696 etc.
865 3655 870 3662 '
983 3701 984 3704 ,

316 3734 326 3765 ²
359 3735 502 3784 Admodum
527 3734 606 3784 facete
630 3736 660 3785 de
682 3736 838 3799 quaestione,
863 3743 983 3800 quatenus
998 3737 1024 3783 in
1040 3735 1136 3799 tragico
1152 3743 1225 3799 poeta
1241 3735 1361 3783 laudando

282 3825 314 3874 sit
330 3823 453 3882 inventio,
470 3823 522 3888 egit
538 3824 685 3886 Lassingius
704 3825 804 3886 (Hamb.
821 3826 985 3888 Dramaturg.
1002 3823 1037 3874 n⁰.
1055 3825 1083 3872 31
1104 3825 1177 3888 sqq),
1194 3823 1236 3872 ubi
1249 3825 1360 3888 coarguit

282 3915 407 3966 Gallicum
431 3922 530 3978 poetam
555 3914 680 3965 Corneliis
705 3915 868 3979 nequicquam
884 3915 932 3963 sibi
948 3907 1159 3980 perplacuissc'in
1174 3927 1280 3978 operosa
1295 3922 1359 3962 stru·

281 4014 351 4054 ctura
375 4005 516 4068 tragoediae
541 4005 706 4068 Rhodogune.
739 4005 805 4056 Cum
831 4020 861 4055 ao
877 4005 1001 4056 consentit
1019 4019 1069 4055 vau
1085 4004 1210 4069 Limburg
1227 4006 1360 4063 Bronrrer,

281 4097 378 4146 Proava
395 4109 467 4146 orer.
479 4129 501 4144 ..
521 4096 663 4160 Euripides,
680 4111 738 4159 pag.
758 4097 817 4155 165,
835 4096 876 4146 ubi
892 4095 992 4146 Raciuii
1001 4095 1143 4146 Phaedram
1153 4109 1211 4144 cum
1221 4094 1361 4158 Hippolyto

282 4185 409 4249 Euripidis
433 4198 590 4248 comparens,
615 4185 646 4234 dc
670 4185 701 4234 iis
726 4201 790 4250 quae
812 4185 925 4236 Gallicus
942 4193 1015 4250 poeta
1031 4201 1095 4236 nova
1111 4184 1236 4248 adjecerat
1251 4184 1359 4247 simplici
1461 4245 1463 4252 Ι

282 4283 430 4340 argumento
446 4275 582 4339 Euripidae
599 4275 633 4324 sic
650 4276 772 4340 loquitur:
790 4276 860 4326 “hier
877 4277 897 4324 is
914 4291 979 4340 gean
995 4277 1093 4326 andare
1104 4275 1246 4326 verdieuste
1256 4275 1304 4324 dan
1319 4275 1360 4323 die

283 4381 330 4416 van
348 4367 374 4415 la
389 4366 519 4429 difficultc
533 4365 667 4416 oaiccae.''

314 4456 324 4486 ³
357 4458 448 4506 Ranm.
463 4469 499 4506 vs.
519 4457 579 4505 1331
599 4472 650 4519 sqq.
