3222 5170
814 361 857 422 80

343 544 417 609 Non
447 543 556 609 minus
588 543 775 627 importuna
808 543 890 607 mihi
925 543 1053 610 videtur
1086 543 1119 607 in
1153 544 1230 610 Ione
1255 544 1366 612 fabula

298 656 474 723 verbositas
498 654 628 739 nuncii,
654 655 811 741 quidum
834 654 989 720 Oreiisam
1014 655 1156 740 quaerit,
1181 678 1280 742 quam
1294 680 1364 723 mo-

297 776 373 835 neat
402 769 442 835 de
470 770 613 835 instante
639 767 725 833 vitae
752 767 895 852 periculo
911 769 933 850 ¹,
958 767 1110 833 subsistit
1130 769 1365 856 aliquantisper

297 887 334 948 ut
362 883 404 947 ad
430 901 570 967 unguem
595 880 756 946 describat
777 880 899 966 figuras
921 881 1072 967 impietas
1099 883 1221 948 aulaeis
1246 885 1362 969 quibus

298 997 357 1061 Ion
381 996 415 1060 in
437 994 580 1080 parando
603 993 751 1060 convivio
775 1000 945 1059 ornaverat
968 995 1154 1060 tentorium.
1170 1034 1214 1045 —
1228 996 1263 1062 si
1286 996 1365 1061 talia

296 1108 534 1193 vituperatione
575 1113 705 1174 exemto
741 1116 833 1190 sunt,
877 1108 1025 1193 equidem
1061 1110 1112 1174 vel
1146 1109 1226 1176 furis
1261 1111 1365 1196 eapite

297 1219 459 1303 damnati,
480 1220 595 1306 laqueo
613 1219 685 1306 jam
707 1219 816 1286 fauces
839 1227 1023 1305 premente,
1044 1221 1145 1288 feram
1161 1223 1240 1309 quin
1257 1230 1291 1290 et
1307 1224 1363 1290 ad-

296 1333 436 1400 mirabor
465 1334 642 1400 oraticnem
675 1333 874 1418 tripartitam
906 1356 981 1400 cum
1008 1336 1142 1422 prologo
1165 1344 1198 1402 et
1221 1337 1360 1423 epilogo.

199 1425 201 1430 Ι
340 1447 394 1512 Ad
424 1447 516 1512 illam
547 1453 650 1512 artem
677 1446 854 1531 sophistice
876 1448 1050 1514 oratoriam
1070 1448 1236 1534 pertinent
1266 1451 1364 1516 otiam

297 1560 444 1647 argutiae
474 1559 723 1646 grammaticae,
756 1582 837 1646 quas
867 1560 988 1646 pariter
1020 1561 1151 1627 adamat
1174 1562 1364 1648 Euripides,

296 1679 329 1740 et
352 1696 432 1761 quas
454 1675 556 1740 risum
576 1674 764 1760 praebuisse
786 1674 1000 1761 Aristophani
1023 1698 1121 1762 supra
1131 1676 1202 1762 jam
1218 1678 1365 1743 animad-

295 1787 452 1856 vertimus
470 1789 559 1875 (pag.
587 1791 629 1854 74
653 1788 726 1853 adn.
752 1790 802 1872 4),
821 1811 928 1874 ¹quum
951 1789 1085 1855 inducat
1108 1811 1182 1854 eum
1205 1790 1245 1855 de
1268 1813 1365 1876 syno-

295 1901 403 1986 nymis
436 1901 542 1967 verbis
571 1900 634 1977 ήκω
658 1908 691 1967 et
713 1905 901 1990 κατέρχομαι
923 1903 1078 1969 subtilius
1101 1924 1176 1968 cum
1199 1903 1364 1989 Aeschylo

296 2016 527 2100 disputantem.
552 2053 596 2064 —-
620 2015 762 2082 Fabulae
793 2016 986 2102 Euripideas
1010 2017 1039 2082 si
1061 2017 1222 2104 perlegis,
1246 2017 1365 2083 identi-

300 2129 374 2194 dem
402 2128 519 2194 incidis
552 2127 587 2192 iu
615 2128 785 2194 verborum
817 2129 1032 2194 derivationes
1056 2135 1124 2196 tam
1148 2129 1303 2196 absurdas
1328 2137 1365 2196 ut

297 2263 371 2308 cum
401 2239 543 2325 cujusvis
572 2240 698 2306 classici
726 2242 892 2326 scriptoris
922 2242 1115 2308 commentis
1140 2242 1364 2328 etymologicis

300 2359 422 2421 certare
453 2354 589 2440 possint
637 2354 777 2419 Doctum
809 2355 891 2420 illud
923 2356 1061 2422 Tiresiae
1093 2356 1363 2438 deliramentum,

301 2468 358 2533 ubi
381 2467 420 2533 de
443 2449 558 2533 vocum
580 2469 680 2554 μηρὸς
703 2474 736 2532 et
760 2471 880 2554 ὅμηρος
904 2467 995 2533 inani
1018 2467 1234 2534 similitudine
1256 2469 1363 2554 philo-

298 2580 472 2666 sophatur,
491 2580 560 2666 jam
585 2579 727 2645 vidimus
742 2578 763 2644 ².
800 2579 926 2645 Nomen
944 2580 1096 2665 antiquae
1111 2579 1216 2646 tribus
1231 2581 1365 2646 donicae

296 2792 373 2842 armis
398 2799 423 2842 et
438 2792 516 2857 siguis
532 2792 699 2853 nunciaretur,
715 2791 818 2856 ideoque
833 2799 889 2855 post
904 2807 1014 2856 pugnam
1031 2794 1131 2842 demum
1149 2799 1273 2855 peractam
1293 2806 1363 2840 suum

295 2883 411 2932 nuncium
427 2883 586 2947 produxisse,
603 2883 633 2931 de
651 2882 738 2931 iisdem
756 2881 900 2931 relaturum.

329 2972 356 3023 si
381 2979 461 3031 recte,
476 2997 508 3007 -
523 2970 591 3034 quod
614 2970 676 3018 mihi
698 2977 781 3018 tamon
799 2984 847 3019 non
864 2977 1007 3019 constat-
1024 2969 1071 3017 hoc
1088 2968 1204 3032 opinatus
1220 2976 1259 3017 cst
1276 2968 1366 3018 Mulie·

297 3077 353 3122 rus,
378 3065 499 3125 quantum
524 3061 634 3110 dicemus
657 3075 672 3109 a
696 3074 756 3109 vero
779 3059 908 3110 aberrasse
935 3059 1095 3124 Euripidem,
1122 3065 1250 3122 putantem
1274 3058 1368 3108 scilieet

302 3150 478 3215 opportuniore
493 3149 549 3199 loco
565 3164 580 3198 a
596 3161 623 3198 sc
640 3149 759 3197 insertum
776 3162 830 3198 esse
849 3147 919 3196 illum
936 3146 1046 3212 α’γγέλου
1062 3146 1152 3212 lli-sev!

331 3241 337 3272 ¹
372 3242 426 3292 Ion.
444 3254 480 3289 vs.
500 3242 563 3290 1106
579 3254 631 3304 sqq.

332 3330 343 3362 ²
375 3330 447 3383 Conf.
466 3345 540 3394 supra
556 3344 613 3394 pag.
629 3330 660 3379 21
679 3330 736 3378 adu.
752 3329 776 3377 6.
793 3354 825 3364 -
840 3327 923 3377 Locus
940 3327 982 3376 hic
998 3334 1049 3386 est,
1065 3326 1155 3376 Bacch.
1173 3340 1208 3379 vs.
1226 3325 1368 3376 uso-297:

519 3422 560 3470 ταὶ
576 3420 721 3484 καταγελᾷς
737 3437 788 3480 νιν,
807 3418 840 3477 ὡς
857 3417 977 3483 ἐνερράφη
994 3419 1054 3476 Διὸς

520 3511 600 3575 μηρηῖ·
619 3507 708 3565 διδάξω
726 3506 748 3557 σ’
767 3508 801 3566 ὡς
818 3508 902 3565 καλῶς
918 3507 968 3571 ἔχει
984 3505 1048 3556 τόδε.

523 3600 577 3649 ἐπεί
593 3617 635 3649 νιν
653 3595 745 3664 ήρπασ’
763 3597 789 3646 ἐκ
807 3597 887 3660 πυρὸς
904 3595 1034 3659 κεραυνίου

522 3689 596 3752 Ζεύς,
615 3686 649 3746 εἰς
667 3685 688 3737 δ’
700 3685 841 3748 Ὄλυμπον
856 3682 950 3748 βρέφος
967 3680 1100 3752 α’νήγαγεν
1117 3681 1186 3743 νέον,

517 3778 586 3844 Ἦρα
602 3796 644 3828 νιν
659 3776 729 3838 ήθελ’
747 3774 865 3837 ἐκβαλεῖν
881 3769 927 3822 ἀπ’
944 3772 1064 3836 οὐρανοῦ.

522 3870 582 3926 Ζευς
598 3866 620 3917 δ’
637 3863 859 3930 ἀντεμηχανήσαθ’
877 3863 919 3912 οἷα
937 3861 968 3922 δή
985 3861 1050 3918 θεός.

520 3955 599 4022 ῥήξας
615 3957 689 4023 μέρος
705 3939 730 4006 τι
747 3958 793 4004 τοῦ
809 3953 880 4018 χθόν’
897 3949 1093 4018 ἐγκυκλουμένου

522 4046 634 4112 αἰθέρος,
650 4047 720 4106 ἔθηκε
738 4043 805 4094 τόνδ’
824 4042 918 4108 ὅμηρον
934 4041 1042 4099 ἐκδιδοὺς

523 4138 647 4187 Διόνυσον
659 4135 742 4201 Ἥρας
758 4133 866 4184 νεικέων·
884 4133 968 4196 χρόνῳ
986 4129 1010 4180 di
1028 4148 1071 4180 νον

522 4227 611 4291 βροτοὶ
628 4225 754 4291 τραφῆναί
771 4233 848 4289 φασιν
865 4222 892 4271 ἐν
908 4223 978 4286 μηρῷ
995 4221 1069 4281 Διός,

522 4316 602 4380 ὄνομα
618 4312 834 4378 μεταστήσαντες,
852 4309 890 4360 ὅτι
907 4310 954 4374 θεᾷ
969 4310 1025 4366 θεὸς

520 4402 587 4469 ’Ἡρη
605 4403 664 4452 ποθ’
682 4400 819 4466 ὡμήρευσε,
837 4397 969 4456 συνθέντες
986 4399 1074 4462 λόγον.
