3216 5154
801 250 811 276 i

811 383 852 444 30

296 591 329 632 se
361 566 505 650 novit—
519 570 641 630 veteres
665 571 774 630 autem
797 585 894 629 sensu
919 561 1091 647 dignitatis
1116 561 1277 646 humanae
1301 585 1364 626 nou

295 681 407 766 magis
432 655 583 744 carebant
621 700 717 763 quam
756 701 812 743 nos
835 715 880 724 -
903 675 987 740 nihil
1009 696 1181 741 commune
1203 675 1367 740 sibividet

295 818 367 859 cum
394 793 513 858 talibus
541 793 693 857 heroibus
717 791 858 876 tragicis.

341 907 430 991 Opus
456 912 505 969 est
531 910 568 969 ut
589 903 747 988 exemplis
771 904 831 967 hoc
855 900 1026 967 illustrem.
1069 901 1248 965 Videamus
1266 901 1366 985 igitur

295 1020 439 1084 fabulam
476 1017 686 1102 Euripideum
720 1015 879 1100 Orestem,
916 1016 955 1080 de
983 1036 1047 1101 qua
1070 1015 1237 1080 verissime
1262 1014 1364 1098 hypo-

279 1132 422 1197 rtheseos
439 1129 586 1214 scriptor:
602 1133 638 1195 τὸ
650 1127 761 1216 δρᾶμα·
772 1172 779 1186 ·
789 1173 813 1187 ··
827 1133 988 1215 χείριστον
1000 1137 1067 1202 τοῖς
1077 1126 1194 1204 ἤθεσιν·
1207 1126 1293 1202 πλὴν
1305 1128 1366 1212 γὰρ

299 1240 451 1309 Πυλάδου
465 1247 581 1320 πάντες
594 1242 709 1330 φαῦλοι
720 1247 800 1319 ἦσαν
817 1244 837 1299 ¹·
884 1241 1053 1307 Contendo
1086 1239 1277 1325 Euripidem
1302 1261 1366 1306 non
1384 1224 1404 1261 ⁹

296 1353 375 1418 satis
397 1354 599 1420 intellexisse
624 1377 754 1420 sensum
780 1354 994 1440 symbolicum
1020 1354 1213 1438 narrationis
1236 1354 1366 1438 mytho·
1559 1400 1560 1446 ,

295 1465 418 1551 logicae
443 1467 482 1532 de
506 1468 600 1534 furiis
624 1468 827 1535 matricidam
853 1469 1065 1555 agitantibus.
1097 1468 1257 1552 Erinnyes
1279 1467 1366 1551 apud

295 1600 370 1644 eum
401 1603 466 1645 uon
502 1588 595 1664 sunt,
628 1590 666 1646 ut
697 1604 767 1648 esse
801 1582 977 1664 debebant,
1014 1583 1125 1647 tristes
1158 1572 1300 1646 umbrae
1333 1586 1367 1645 et

296 1693 455 1780 imagines
491 1695 593 1760 animi
622 1696 702 1761 diris
731 1696 895 1763 doloribus
917 1696 1084 1778 convulsi,
1110 1717 1213 1780 neque
1236 1693 1365 1761 Orestes

296 1812 464 1892 torquetur
477 1809 605 1874 sceleris
622 1809 673 1874 sui
691 1810 907 1888 conscientia3
931 1811 1033 1875 immo
1056 1823 1142 1875 recte
1166 1809 1229 1874 sibi
1251 1807 1366 1874 fecisse

298 1920 440 2004 videtur,
468 1922 508 1987 de
529 1921 629 1988 atroci
652 1944 728 1987 nece
751 1922 1030 2006 Clytaemnestrae
1052 1923 1178 2008 placide
1201 1929 1234 1988 et
1255 1922 1365 2007 sophi-

297 2033 377 2098 stice
400 2034 544 2119 loquitur
559 2036 583 2117 ²,
608 2035 758 2120 vitaeque
781 2057 854 2101 eum
878 2034 1014 2101 minime
1036 2035 1202 2120 pertaedet
1213 2041 1237 2118 ³,
1260 2035 1307 2098 ita
1330 2043 1367 2098 ut

297 2148 387 2211 omni
420 2171 480 2234 ope
510 2150 635 2214 nitatur
654 2149 696 2213 ad
717 2149 928 2214 avertendum
949 2127 1033 2214 illud
1055 2150 1204 2232 λεύσιμον
1223 2151 1366 2236 πέτρωμιε

297 2259 383 2346 quod
410 2261 440 2326 ei
463 2261 629 2326 minantur
651 2263 745 2327 cives.
795 2263 963 2328 Interdum
989 2269 1117 2329 tautum
1141 2286 1160 2327 a
1181 2261 1276 2327 furiis
1297 2281 1366 2326 cor-

297 2373 414 2458 ripitur
435 2383 469 2440 et
490 2375 531 2439 ad
554 2375 715 2442 insaniam
739 2363 912 2462 redigitur3
925 2377 1021 2442 modo
1031 2376 1275 2461 resipiscentem
1291 2395 1365 2439 eum

297 2486 445 2554 videmus
471 2488 504 2552 in
521 2488 650 2554 fabulae
671 2489 775 2554 initio.
814 2490 854 2554 In
870 2489 936 2556 fine
952 2497 1062 2556 autern
1074 2488 1230 2554 dramatis
1247 2486 1366 2574 Apollo

296 2622 346 2666 res
381 2603 564 2688 componit3
599 2602 729 2669 Orestes
760 2603 976 2687 Hermionen,
1005 2601 1182 2692 ᾗξιφήρης
1204 2599 1365 2688 ἐφεδρεύει,

296 2736 428 2780 uxorem
450 2716 565 2780 ducere
584 2716 719 2801 jubetur
744 2718 805 2803 (vs.
838 2721 922 2783 1653
947 2724 1044 2804 sqq.),
1067 2723 1100 2782 et
1121 2714 1236 2781 docilis
1255 2713 1366 2780 admo-

297 2828 376 2892 dum
407 2829 596 2915 respondet:
631 2827 698 2896 idcir
733 2829 852 2914 μεθίημ’
879 2829 1048 2916 Ἑρμιόνην
1073 2830 1136 2895 ἀπὸ
1158 2838 1293 2914 σφαγῆς,
1320 2832 1366 2891 καὶ

296 2940 397 3029 λέκτρ’
417 2941 539 3029 irrp'veo'
559 2941 638 3017 ἡνίκ’
659 2943 697 3008 ἂν
721 2939 794 3027 διδῷ
816 2951 917 3030 πατήρ
942 2949 1002 3028 (VS.
1030 2945 1113 3006 1671
1128 2942 1203 3026 sq.).
1245 2940 1297 3005 Ita
1311 2962 1368 3026 per

296 3057 509 3138 κωμικωτέραν
528 3055 770 3141 καταστροφὴν4
792 3056 963 3121 matricida
974 3060 1068 3120 sexto
1080 3055 1132 3119 die
1144 3055 1185 3120 ab
1197 3055 1368 3120 interemta

297 3162 557 3248 Clytaemnestra
580 3189 713 3232 uxorem
738 3169 801 3234 sibi
825 3170 935 3234 sumit.
986 3169 1075 3234 Haec
1094 3189 1262 3252 nunquam
1279 3188 1367 3232 com-

298 3283 427 3342 mentus
441 3285 527 3343 esset
538 3285 633 3362 poete
646 3279 701 3363 qui
714 3281 910 3365 perspiceret
928 3287 961 3347 et
976 3282 1191 3365 meminisset,
1206 3280 1367 3364 Erinnyes

297 3411 361 3460 non
398 3391 476 3455 adeo
510 3397 601 3456 extra
636 3393 783 3458 homines
814 3394 870 3460 sed
899 3395 932 3459 in
956 3417 1066 3460 eorum
1083 3400 1210 3479 pectore
1235 3394 1366 3476 versari,

304 3612 521 3622 ------.-,-....

332 3725 337 3755 ¹
372 3726 419 3775 Cui
436 3727 568 3791 obloquens
586 3729 609 3780 G
636 3731 795 3780 Hermannus
812 3731 838 3778 in
856 3730 949 3794 proleg.
968 3731 1051 3784 Orest.
1069 3746 1126 3794 pag.
1147 3733 1176 3780 14
1194 3731 1237 3779 vix
1254 3731 1368 3794 cuiquam

297 3815 459 3877 persuadebit.

329 3902 340 3934 ²
373 3906 424 3954 Vd.
442 3920 477 3954 vs.
495 3906 544 3955 552
560 3922 612 3971 sqq.

330 3993 340 4024 ³
373 3995 421 4042 Vs.
446 3996 494 4044 644
519 4010 567 4059 sq.:
597 3997 676 4046 ‘rmihi
699 4012 757 4060 opes
782 3998 844 4047 duco
871 3999 979 4060 (beatum
1002 4013 1041 4047 me
1063 3998 1161 4061 censeo)
1179 3997 1199 4044 si
1216 3999 1291 4045 vitam
1309 3995 1370 4044 mihi

296 4099 393 4142 serves,
410 4099 473 4148 quae
490 4086 552 4134 milri
568 4095 607 4135 est
624 4073 791 4135 dulcissima.''

331 4175 341 4206 ⁴
374 4173 474 4226 Orestes
499 4177 543 4225 vix
568 4176 647 4240 magis
671 4177 719 4225 dici
745 4184 826 4240 potest
847 4177 920 4225 heros
943 4177 1051 4240 tragicus
1068 4191 1141 4240 quem
1159 4175 1315 4239 Diceaopclis
1331 4175 1372 4223 ille

299 4265 495 4327 Aristophaneus
520 4266 562 4330 qui
579 4266 681 4329 abrepto
699 4267 899 4316 Acharnensium
916 4267 1004 4329 λαριῷ
1020 4273 1126 4314 mortem
1143 4266 1226 4324 struit,
1244 4264 1284 4313 vel
1300 4265 1370 4314 Mne·

287 4353 402 4402 .silochus
427 4355 468 4418 qui
494 4357 637 4405 mulieribus
662 4355 927 4418 Thesmophoriarusis
953 4355 1059 4403 minetur
1085 4369 1110 4402 rc
1138 4357 1226 4404 redum
1252 4357 1302 4403 vini
1319 4369 1371 4403 esse

299 4451 469 4493 mactatarum.
