3216 5154
778 421 816 480 71

1149 605 1196 649 „1

259 623 323 667 non
347 603 472 670 minore
491 604 564 690 jure
588 625 684 689 quam
711 603 770 668 “in
795 625 892 669 scens
915 601 1147 688 philosophum
1225 602 1334 688 possis

208 803 211 810 ,
258 738 370 782 vocare
402 718 461 781 “in
495 739 593 783 scens
623 719 805 783 oratorem”
825 726 849 795 ³3
882 739 947 782 non
979 716 1099 782 mirum
1130 716 1158 780 si
1182 715 1331 801 inprimis

256 827 316 893 hoc
339 828 471 894 nomine
494 828 685 914 saepissime
708 835 741 894 et
765 829 1049 894 vehementissime
1071 849 1145 893 enm
1159 827 1329 913 increpuit.

255 939 440 1006 Afferemns
464 941 551 1006 locos
577 940 693 1007 comici
715 942 780 1006 huc
803 940 1013 1026 pertinentes.

301 1053 337 1119 Si
370 1075 443 1118 vere
475 1053 577 1120 stetui
616 1052 677 1118 sub
715 1053 856 1118 Socratis
891 1073 1030 1138 persona
1064 1052 1162 1118 etiam
1198 1052 1331 1138 Euripi-

254 1167 331 1232 dem
353 1166 454 1252 plecti
481 1167 515 1232 in
538 1166 685 1232 Nubium
706 1165 818 1232 fabula
833 1170 861 1250 ³,
887 1187 1029 1251 eaquae
1052 1167 1092 1230 de
1117 1166 1258 1233 Socratis
1279 1167 1330 1232 vel

253 1281 362 1364 potius
387 1280 636 1364 sophistarum⁴
663 1279 750 1345 binis
771 1279 885 1365 λόγοις
908 1279 1048 1365 legimus
1072 1279 1257 1348 hnc'etinm
1280 1303 1330 1347 re-

253 1393 384 1459 ferenda
416 1399 494 1490 sunt
509 1398 537 1472 ⁶3
574 1402 607 1458 et
640 1392 791 1458 similiter
825 1399 942 1460 cuncta
970 1393 1116 1479 epitheta
1140 1394 1257 1480 quibus
1282 1417 1327 1461 vs.

251 1703 399 1768 ἀνθρώποις
415 1701 505 1768 μόνον.
530 1703 624 1752 Notetn
642 1703 717 1752 etiem
734 1701 803 1766 digni
815 1711 873 1751 sunt
884 1702 1045 1752 hiversusex
1056 1702 1188 1766 Antigone
1196 1702 1332 1767 Euripides
1415 1769 1417 1771 γ

252 1791 351 1855 (fragm.
371 1792 417 1843 170
433 1791 529 1854 Dind.):

444 1880 558 1928 erinium
577 1880 684 1938 Πειθοῦς
702 1879 758 1942 ἱρὸν
777 1879 843 1927 ἄλλο
862 1880 931 1938 πλὴν
948 1879 1038 1943 λόγος,

443 1971 486 2017 καὶ
502 1967 589 2034 βωμὸς
606 1969 686 2028 αὐτῆς
703 1967 754 2018 ἔστ’
772 1968 799 2016 ἐν
817 1966 956 2030 α’νθρώπον
973 1961 1060 2030 prices.-

286 2058 293 2088 ¹
327 2060 446 2117 Σκηνικδς
464 2059 600 2123 φιλόσοφος
617 2071 638 2105 e.
656 2072 681 2121 g.
699 2039 794 2107 Athen
811 2053 860 2116 IV,
877 2069 935 2119 pag.
955 2057 1008 2108 158.

283 2145 294 2177 ¹
327 2149 441 2207 Ποιητήν
457 2145 587 2210 ῥηματίων
604 2146 744 2196 δικανικῶν.
779 2145 859 2195 Arist.
876 2146 934 2194 Pae.
950 2160 986 2193 vs.
1003 2145 1059 2194 534.

284 2238 293 2268 ³
325 2237 398 2299 Quod
422 2250 496 2299 quem
513 2250 601 2286 verum
617 2235 661 2293 sit,
679 2241 747 2297 petet
764 2216 838 2284 etiem
855 2249 890 2286 ex
908 2233 1020 2283 versibus
1037 2234 1087 2284 920
1104 2249 1163 2298 sqq„
1181 2235 1225 2284 nbi
1241 2237 1330 2286 Justus

252 2327 289 2375 sic
307 2325 432 2388 lnjnstum
449 2333 573 2374 oratorem
590 2324 735 2388 elhqmtur:

707 2415 737 2464 ori
755 2412 780 2466 δέ
798 2414 820 2479 γ’
838 2415 863 2464 εδ
882 2414 1010 2472 πράττεις·

508 2505 590 2554 καίτοι
608 2504 734 2567 πρότερόν
752 2502 775 2567 γ’
794 2503 945 2566 ἐπτώχευες,

507 2593 619 2656 Τήλεφος
636 2595 700 2643 εἶναι
718 2593 806 2650 Μυσὸς
824 2594 938 2656 φάσκων,

508 2683 534 2730 in
552 2680 668 2745 πηριδίου

506 2770 609 2834 γνώμας
626 2769 729 2834 τρώγων
747 2769 951 2826 Πανδελετείους.

249 2859 327 2922 Cujus
352 2859 400 2907 loci
421 2874 520 2908 sensnm
536 2858 603 2908 hunc
619 2872 673 2908 esso
690 2857 800 2908 ostendit
817 2860 988 2908 Hermnnnus:
1006 2860 1065 2922 “qni
1084 2862 1149 2910 melu
1165 2861 1213 2912 iste
1230 2863 1326 2911 dicendi

248 2949 352 2998 artificis
377 2958 402 2998 et
427 2949 530 2998 subtiles
556 2947 665 2998 fallacius
690 2949 795 2998 doceant
814 2946 868 3008 jam
884 2948 991 2998 multum
1008 2949 1128 3014 pecuniae
1145 2951 1274 3001 corradere
1292 2953 1326 2999 vi·

248 3049 348 3103 temque
373 3053 448 3103 egere
473 3039 565 3087 lentem
590 3037 978 3101 etsplendidsm301iinentem
994 3048 1131 3089 contemtos
1148 3040 1223 3090 fuisse
1240 3049 1265 3090 et
1282 3042 1326 3090 vix

248 3128 359 3177 habuisse
386 3131 451 3178 unde
476 3129 569 3177 victum
586 3137 710 3192 perstent.
745 3128 775 3176 Id
791 3129 886 3176 comico
902 3129 1022 3192 carpendi
1039 3129 1165 3192 Euripidis
1182 3132 1325 3194 opportuni-

248 3225 324 3266 tatem
349 3217 465 3279 prsebet,
490 3215 560 3278 cujus
586 3217 740 3280 Telephum,
758 3215 839 3264 mults
855 3215 982 3266 subtiliter
999 3203 1176 3280 disputantem,
1191 3221 1325 3270 sententies

248 3305 412 3356 Peudeietess
432 3320 467 3356 ex
483 3321 544 3368 pers
560 3321 648 3356 vorare
666 3305 750 3355 eicit.·’
768 3334 798 3340 -·
816 3306 967 3356 Psndeletus
984 3314 1038 3356 erut
1054 3307 1204 3370 sycophsme
1220 3309 1324 3372 philodi-

247 3409 290 3442 cus
307 3403 332 3444 et
348 3394 584 3458 psephismstopoie,
602 3403 664 3446 teste
681 3396 759 3444 schol.

280 3486 289 3515 ⁴
323 3485 388 3536 Nem
414 3485 466 3548 ipse
490 3486 604 3536 Soorstes
629 3485 675 3534 hoo
700 3485 803 3536 crimine
820 3485 901 3549 magis
918 3485 994 3536 etism
1010 3501 1085 3550 quern
1101 3488 1205 3536 oneteris
1222 3502 1282 3551 quee
1299 3489 1324 3536 ei

248 3578 411 3626 intenduntur
436 3576 597 3626 absolvendus
622 3584 667 3625 est.
701 3578 724 3626 n
750 3577 861 3625 Platonis
886 3576 957 3639 Reip.
979 3576 1043 3625 libro
1068 3577 1081 3625 1
1103 3591 1159 3626 eum
1177 3577 1266 3626 meiius
1283 3593 1323 3626 ce-

246 3681 365 3729 gnosoere
381 3666 451 3724 licet,
468 3666 510 3715 ubi
527 3665 743 3729 Thrasymachum
761 3665 913 3728 sophistem,
929 3663 1078 3726 injustitiam
1095 3667 1238 3716 laedentem
1254 3675 1280 3715 et
1296 3671 1323 3716 το

248 3754 345 3804 δίκαιον
370 3758 415 3804 οὐκ
441 3757 506 3804 ἄλλο
532 3774 557 3803 τι
583 3757 598 3814 ὴ
625 3757 653 3804 τδ
680 3757 724 3803 τοῦ
748 3754 892 3817 κρείττονος
919 3753 1043 3818 ξυμφέρον
1060 3757 1123 3803 εἶναι
1141 3761 1207 3819 (pag.
1225 3757 1275 3805 338
1290 3756 1322 3817 C)

246 3847 446 3905 contendentem,
462 3845 525 3894 snlsc
542 3859 566 3894 ct
583 3846 717 3907 prudenter
733 3843 832 3894 resume.
1140 3893 1143 3897 ,

279 3934 289 3966 ⁶
323 3937 488 3999 Strepsisdes,
514 3945 645 4000 postquem
672 3950 708 3983 vs.
733 3936 783 3984 244
807 3952 822 3984 u
846 3935 948 3985 Socrate
973 3936 1128 3998 impetrarit,
1149 3944 1177 3985 ut
1193 3950 1219 3983 se
1236 3937 1322 3984 docent

248 4027 292 4073 τὸν
317 4025 403 4088 ἕτερον
427 4026 482 4088 ejus
508 4027 615 4091 λόγοιν,
643 4027 689 4075 τὸν
706 4025 784 4088 μηδὲν
801 4023 968 4084 ἀποδιδόντα,
987 4024 1048 4073 nihil
1064 4033 1147 4074 temen
1166 4026 1191 4072 in
1207 4024 1322 4074 discendo

247 4115 356 4176 proficit,
376 4129 433 4164 cum
451 4116 555 4164 nimium
572 4117 603 4164 sit
620 4115 725 4173 bardum
742 4115 826 4177 itaque
844 4113 922 4162 iillum
939 4113 1117 4177 Phidippidem
1134 4114 1230 4164 Socrati
1246 4116 1322 4164 tradit

246 4202 435 4251 instituendum:
461 4218 543 4253 coram
570 4205 616 4252 hoc
642 4204 745 4252 hebetur
770 4201 859 4250 nobilis
884 4202 926 4250 ille
942 4203 1009 4253 Justi
1026 4210 1051 4253 et
1067 4202 1158 4267 Injusti
1174 4204 1252 4267 λόγον
1269 4204 1320 4252 sive

246 4294 349 4340 oratoris
375 4294 494 4356 dialogus.
516 4319 548 4330 -
569 4294 632 4342 Mox
654 4291 821 4354 Strepsisdee‚
839 4291 965 4350 filiinovs
981 4293 1120 4342 eruditione
1136 4293 1246 4356 adjutus,
1264 4308 1320 4342 cnm

248 4381 335 4438 Pssie,
351 4381 391 4429 cui
407 4381 493 4438 debet,
512 4383 541 4430 de
559 4380 604 4446 ἕνῃ
622 4382 662 4430 rui
682 4380 725 4445 νέρ
744 4381 875 4444 sophistice
892 4381 1026 4444 disceptet,
1046 4367 1200 4445 altorumque
1216 4367 1321 4432 ceddito·

247 4484 299 4518 rem
318 4471 467 4534 Amynium‚
485 4485 529 4517 sue
546 4478 729 4532 reposcentem,
747 4469 831 4518 vacuis
849 4469 963 4518 munibus
980 4470 1096 4530 dimittit,
1111 4471 1320 4522 itueiinsnltens:
