3216 5154
687 401 814 461 ‘47

256 580 446 668 conjiciente
479 583 519 647 ab
548 589 740 668 argumento
765 589 815 648 est
837 581 1078 649 alienissimum
1101 590 1134 648 et
1156 605 1197 648 ne
1218 606 1275 669 per
1297 607 1330 649 se

257 696 388 782 quidem
411 695 453 760 ad
476 697 677 781 tangendam
700 697 921 782 spectantium
945 703 1089 762 mentem
1113 697 1196 760 mihi
1219 703 1332 782 aptum

256 811 385 876 videtur
403 810 420 874 ¹.
448 811 487 874 In
511 810 755 877 Andromaches
777 812 882 896 priore
905 816 996 896 parte
1013 811 1053 876 de
1066 809 1170 900 ipsius
1182 810 1333 875 heroinae

256 924 375 989 misera
405 925 591 990 conditione
622 926 750 1011 agitur,
785 925 818 989 in
843 926 945 991 altera
968 946 1043 992 vero
1067 923 1215 990 deflenda
1239 922 1332 986 nobis

257 1045 307 1102 est
342 1038 458 1123 Pyrrhi
490 1060 596 1120 mors,
630 1060 704 1103 cum
737 1039 930 1104 Hermiones
955 1039 1003 1103 ira
1026 1039 1059 1101 in
1083 1036 1333 1102 Andromachen

256 1151 312 1214 vix
350 1151 522 1216 cohaerens
537 1150 558 1214 ⁹.
610 1151 658 1214 De
690 1151 779 1215 lonis
813 1149 870 1215 illa
904 1157 996 1235 parte
1029 1149 1064 1213 in
1099 1171 1163 1234 qua
1197 1147 1333 1213 insidias

255 1262 325 1328 filio
358 1269 452 1348 parat
482 1269 604 1343 mater,
636 1285 741 1328 meam
770 1264 956 1348 opinionem
982 1263 1053 1348 jam
1082 1261 1211 1328 ostendi
1237 1281 1334 1346 supra

256 1397 330 1462 pag.
366 1379 407 1441 36
440 1398 486 1461 sq.
537 1376 619 1440 Prae
640 1375 773 1461 reliquis
802 1397 876 1441 vero
900 1375 1060 1442 Troadum
1084 1373 1251 1460 tragoedia
1274 1373 1351 1438 hoc¹

205 1469 206 1472 *
257 1489 389 1552 nomine
412 1495 463 1552 est
485 1489 710 1574 vituperanda,
736 1489 857 1574 quippe
880 1489 914 1553 in
939 1512 1038 1575 quam
1062 1494 1236 1574 congestae
1267 1487 1335 1552 sint

258 1623 307 1665 res
331 1601 492 1686 plurimae
522 1602 563 1666 ad
598 1601 708 1686 Trojac
743 1603 1019 1688 expugnationem
1047 1603 1247 1687 pertinentes
1278 1600 1334 1666 sed

257 1721 418 1779 caeterum
456 1714 547 1778 nulla
590 1714 706 1800 copula
741 1714 827 1780 inter
867 1737 902 1780 se
939 1736 1119 1780 connexae:
1168 1713 1336 1798 Polyxena

162 1900 165 1914 Δ
258 1837 400 1893 mactata
431 1827 472 1892 ad
504 1827 644 1892 Achillis
679 1827 861 1910 tumulum,
893 1827 1065 1911 Astyanax
1097 1827 1213 1910 Pyrrhi
1238 1827 1335 1912 jussu

258 1941 297 2005 de
336 1962 429 2006 muro
468 1940 677 2024 deturbatus,
720 1939 903 2006 Cassandra
941 1939 1075 2005 fatidico
1113 1941 1220 2006 furore
1264 1961 1335 2005 cor-

257 2063 367 2141 repta,
401 2055 527 2122 Helena
562 2077 616 2121 rea
646 2061 718 2120 acta
749 2056 790 2119 ab
822 2054 960 2119 Hecuba'
989 2061 1023 2119 et
1054 2075 1162 2120 coram
1187 2054 1336 2119 Menelao

259 2193 292 2236 se
324 2169 516 2248 defendens3
554 2169 690 2235 Hecuba
726 2176 836 2234 autem
873 2175 906 2233 et
932 2167 1161 2234 Andromache
1188 2169 1228 2233 ob
1252 2167 1335 2233 libe-

258 2305 365 2351 rorum
396 2283 528 2348 caedem
558 2283 666 2369 longis
699 2283 839 2369 querelis
864 2281 1056 2367 indulgent,
1081 2289 1115 2348 et
1137 2282 1173 2346 in
1196 2282 1262 2348 fine
1285 2283 1334 2348 fa-

258 2398 353 2465 bulae
387 2397 503 2463 chorus
538 2397 641 2466 oculis
673 2396 838 2482 objectum
862 2394 972 2480 Trojae
997 2395 1186 2462 incendium
1210 2396 1335 2462 lamen-

260 2518 356 2578 tatur.
404 2514 474 2579 Has
507 2515 590 2598 epici
621 2513 774 2579 carminis
807 2512 960 2577 materias
988 2511 1023 2575 in
1045 2512 1191 2578 dramate
1212 2514 1335 2599 tragico

259 2649 323 2691 non
348 2627 579 2692 coacervandae
603 2626 716 2709 fuisse,
739 2625 790 2690 vel
813 2647 866 2716 me
891 2631 1019 2689 tacente
1041 2625 1147 2709 quivis
1161 2625 1333 2714 intelligit3

259 2745 329 2806 tota
354 2741 441 2806 enim
465 2740 587 2816 ἅλωσις
610 2740 669 2804 1116
692 2761 757 2804 non
779 2744 889 2823 potest
911 2760 977 2803 una
1000 2739 1167 2824 tragoedia
1189 2744 1334 2826 tractari,

259 2860 297 2919 ut
320 2854 360 2918 ab
384 2853 562 2919 Aristotele
584 2852 671 2936 (Art.
689 2860 774 2937 poet.
796 2853 853 2938 18)
869 2851 1038 2917 verissime
1052 2857 1103 2917 est
1117 2853 1332 2920 observatum.

260 2968 348 3054 Ergo
372 2968 515 3053 aliquam
539 2966 608 3052 ejus
630 2972 757 3052 partem
781 2966 821 3032 de
842 2987 906 3051 qua
929 2972 1041 3051 ageret
1060 2965 1179 3051 eligere
1205 2967 1335 3034 debuis-

261 3090 310 3145 set
344 3080 534 3165 Euripides3
571 3102 658 3146 nunc
692 3101 768 3146 1610
802 3085 973 3145 centonem
1009 3079 1119 3164 potius
1154 3083 1337 3166 composuit

261 3215 357 3278 quam
382 3194 494 3264 drama
517 3192 599 3259 bene
623 3195 818 3260 ordinatum.

294 3404 301 3434 ¹
335 3405 390 3454 Nisi
406 3419 448 3454 res
465 3413 582 3468 ageretur
598 3405 723 3469 lugubris,
747 3407 825 3454 risum
842 3405 973 3469 praeberet
990 3405 1107 3464 Euadne,
1119 3398 1256 3470 'antequam
1273 3408 1336 3457 desi-

259 3494 304 3544 liat
320 3495 351 3544 de
368 3495 461 3558 scopuli
478 3495 604 3544 cacumine
621 3495 782 3544 subsanniens
799 3495 891 3543 misero
900 3493 1097 3556 patri,yersibus
1105 3509 1183 3558 paene
1191 3495 1297 3554 comicis,
1306 3497 1337 3546 ab

260 3585 307 3632 ista
322 3598 427 3648 persona
443 3585 539 3647 istoque
556 3592 665 3648 tempore
682 3599 783 3648 prorsus
799 3583 887 3632 alienis
905 3583 951 3645 (vs.
971 3583 1151 3649 loto-1022).
1177 3587 1267 3650 Apage
1276 3587 1336 3636 illud

260 3674 413 3737 epiaodium,
438 3688 487 3737 quo
512 3681 607 3724 semoto
630 3682 708 3722 166161
732 3690 780 3723 non
806 3674 935 3737 tragoedia
955 3675 1066 3736 quidem,
1084 3677 1125 3725 sed
1143 3677 1336 3739 pulcherrimum

260 3774 343 3812 tamen
359 3778 474 3822 carmen,
491 3765 523 3812 ad
540 3764 635 3827 opicum
653 3778 732 3828 genus
749 3763 864 3825 proxime
881 3767 1008 3814 accedeus.

293 3851 304 3882 ²
336 3853 394 3901 Non
410 3853 466 3901 ideo
484 3852 551 3901 euim
568 3853 599 3900 ab
618 3853 722 3912 Oreste,
739 3852 833 3901 scelesti
851 3854 934 3903 sicarii
950 3855 1061 3918 partibus
1078 3856 1208 3918 fungente,
1218 3858 1335 3907 interimi-

260 3949 301 3991 tur
327 3941 434 3992 Achillis
459 3942 539 3999 filius,
565 3944 630 4005 quod
656 3942 812 3991 Hermionen
835 3943 969 4006 despicatui
993 3945 1108 4004 haberet,
1132 3955 1230 3995 servata
1254 3962 1337 3996 secum

260 4032 348 4096 pellice
374 4030 564 4090 Andromacho,
589 4034 632 4082 sed
656 4034 722 4096 quod
744 4047 799 4081 eam
816 4048 921 4082 uxorem
938 4035 1059 4096 duxerat,
1076 4036 1123 4099 ipsi
1140 4035 1225 4088 Oresti
1243 4039 1337 4100 pridem

261 4124 416 4186 desponsam.
450 4124 538 4186 Neque
560 4137 623 4186 opus
641 4132 695 4172 erat
712 4117 839 4186 Pyrrhum
855 4123 881 4170 in
898 4138 983 4172 orcum
999 4124 1129 4176 demittere
1148 4135 1175 4174 ut
1191 4126 1338 4176 liberaretur·

261 4213 446 4262 Andromache.
479 4213 528 4262 Hic
544 4214 577 4261 ad
593 4212 624 4264 G.
642 4213 815 4262 Hermannum
833 4227 968 4275 provocare
986 4213 1058 4275 licet,
1075 4217 1162 4264 acerbe
1179 4217 1336 4265 damnantem

262 4311 436 4363 argumentum
456 4304 529 4366 hujus
547 4302 643 4352 fabulae
661 4303 686 4350 in
704 4302 897 4366 prolegomenis,
913 4319 970 4368 pag.
990 4306 1027 4352 13.

720 4483 899 4498 ΑΛΛΛΛΝἏΛΛΝ
