3222 5170
785 417 846 478 104

279 605 313 668 in
338 601 449 668 Attico
480 601 607 665 theatro
631 619 750 668 munus
773 598 958 665 labentibus
982 599 1076 664 anuis
1100 600 1222 666 sensim
1244 602 1353 668 decre·

278 719 364 783 visse
371 743 380 795 ;
404 736 506 801 quum
530 713 618 779 enim
643 713 824 806 antiquitus
847 713 1006 788 minorem
1031 715 1214 799 tragoediae
1224 723 1355 802 partem

279 830 439 913 diverbia,
453 829 609 915 majorem
620 828 748 895 chorica
759 828 951 913 implerent,
965 837 998 892 et
1010 828 1109 892 etiam
1119 828 1153 892 in
1166 828 1354 912 Aeschyleis

210 962 232 1013 .’
279 944 436 1010 dramatis
471 966 497 1009 a
523 942 649 1009 cunctis
673 941 886 1012 histrionibus
910 942 967 1007 vix
988 941 1098 1027 plures
1122 964 1234 1009 versus
1257 965 1355 1029 quam

235 1049 239 1057 ¹
278 1083 298 1126 a
332 1060 428 1126 choro
461 1057 683 1142 proferantur,
720 1055 894 1142 Sophocles
931 1057 999 1142 ejus
1031 1056 1158 1122 cantica
1190 1057 1225 1121 in
1260 1057 1355 1142 longe

279 1171 481 1257 angustiores
517 1171 599 1236 fines
634 1171 748 1255 coegit.
799 1170 891 1235 Idem
926 1189 1001 1234 vero
1038 1169 1095 1234 irti
1118 1169 1356 1254 dramaturgiae

279 1288 366 1371 parti
401 1289 565 1374 insignem
589 1284 751 1371 quandam
776 1305 887 1349 curam
909 1288 1077 1368 artemque
1100 1281 1268 1365 adhibuit,
1293 1302 1358 1366 quo

279 1399 401 1466 facturn
427 1407 538 1468 estut
561 1401 595 1464 in
619 1398 688 1484 ejus
711 1398 886 1484 tragoediis
910 1396 1029 1464 choriei
1052 1402 1167 1463 cantus
1180 1417 1244 1460 non
1260 1394 1358 1460 modo

228 1493 238 1516 ³
279 1515 400 1580 eximia
423 1522 524 1600 quum
547 1510 718 1578 dulcedine
742 1519 813 1577 tum
836 1513 997 1597 gravitate
1020 1517 1154 1595 captent
1169 1509 1356 1574 auditorum

280 1627 424 1710 animos,
450 1628 506 1693 sed
530 1627 629 1692 etiam
653 1646 728 1690 cum
750 1625 822 1710 ipso
843 1633 1036 1710 argumento
1050 1632 1181 1710 totaque
1196 1630 1358 1689 structura

283 1741 465 1808 arctissime
502 1740 570 1806 sint
604 1737 741 1804 connexi
777 1742 810 1802 et
843 1736 980 1808 feliciter
1013 1736 1198 1821 conspirent
1228 1737 1354 1802 omnia

283 1853 457 1940 Euripides
492 1873 585 1935 vero,
622 1851 677 1936 qui
707 1851 783 1915 deos
808 1872 871 1914 non
896 1850 961 1915 nisi
984 1849 1090 1934 poesis
1115 1871 1191 1936 ergo
1212 1849 1357 1931 colebat,

280 1965 333 2030 cui
366 1966 476 2031 heroes
512 1965 568 2029 vix
603 1963 692 2028 aliud
725 1970 818 2027 erant
851 1985 947 2048 quam
984 1963 1131 2047 supellex
1158 1964 1300 2048 tragica,
1325 1971 1358 2028 et

281 2100 376 2163 quem
413 2076 523 2142 omnia
546 2080 709 2141 testantur
734 2075 840 2160 magis
864 2074 1112 2160 cosmopolitam
1134 2098 1232 2162 quam
1255 2076 1359 2142 civem

280 2192 382 2274 fuisse
405 2190 572 2273 Atticum,
598 2188 677 2274 quid
699 2187 819 2253 faceret
842 2189 960 2254 choro?
983 2188 1147 2255 Lubenter
1169 2191 1239 2255 sine
1260 2191 1360 2256 dubio

281 2302 487 2380 sustulisset3
522 2301 580 2366 sed
613 2300 743 2366 obstitit
775 2300 933 2386 quaedam
965 2300 1034 2385 ejus
1057 2301 1172 2387 religio
1196 2303 1246 2368 vel
1269 2304 1358 2369 timi·

282 2416 377 2480 ditas.
406 2413 513 2479 Semel
536 2418 646 2478 autem
670 2413 704 2477 in
729 2435 859 2478 scenam
882 2414 1063 2497 admissus,
1090 2416 1267 2481 videndum
1291 2425 1360 2483 erat

283 2538 319 2593 ut
353 2551 394 2594 ne
427 2528 543 2593 chorus
581 2526 656 2611 ille,
688 2527 743 2612 qui
767 2527 853 2613 quod
869 2529 986 2612 ‘ageret
1009 2527 1064 2592 vix
1089 2529 1237 2613 haberet,
1262 2530 1361 2615 plane

282 2643 388 2728 κωφὸν
430 2642 607 2706 sustineret
645 2643 827 2728 πρόςωπον.
877 2640 940 2707 Sed
973 2662 1039 2707 non
1075 2643 1154 2708 satis
1188 2644 1360 2729 perpendit

287 2751 455 2838 Euripides
499 2754 697 2820 orchestram
733 2753 805 2819 ideo
841 2753 980 2820 vicinam
1018 2777 1088 2820 esse
1122 2756 1289 2840 proscenio
1322 2766 1360 2821 ut

201 2854 203 2858 ⁷
284 2887 365 2950 quae
398 2867 432 2931 in
469 2887 507 2930 ea
541 2874 699 2932 canantur
733 2874 820 2932 arcte
852 2889 926 2932 cunr
962 2867 1160 2933 histrionum
1194 2868 1291 2934 dictis
1326 2877 1361 2935 et

187 3068 190 3074 Ι
286 2979 412 3044 actione
436 2980 638 3062 cohaereant,
664 3000 768 3064 neque
791 2968 893 3064 igitur
916 2980 1002 3046 hunc
1030 3002 1125 3046 usum
1148 3003 1244 3066 posse
1264 3005 1359 3068 prae-

284 3093 376 3174 bere,
411 3098 449 3157 ut
480 3097 576 3177 poeta
602 3091 670 3175 ejus
696 3069 878 3158 ministerio
905 3113 997 3158 suam
1025 3095 1059 3158 in
1086 3095 1191 3160 verbis
1217 3092 1360 3182 ligandis

178 3200 182 3208 ’
284 3205 454 3291 modisque
476 3204 640 3291 fingendis
664 3209 807 3270 ostentet
829 3211 945 3283 artem,
968 3228 1051 3291 quae
1075 3209 1223 3293 quamvis
1244 3209 1358 3296 singu-

283 3316 362 3382 laris
386 3323 419 3382 et
439 3317 619 3402 praeclara,
644 3317 670 3382 si
695 3324 787 3384 extra
809 3317 938 3384 fabulae
961 3319 1083 3386 limites
1108 3329 1255 3407 vagetur,
1275 3324 1358 3389 nihil

213 3507 215 3512 ,
284 3417 436 3497 conducit
458 3452 636 3516 parumque
659 3430 767 3497 laudis
791 3439 942 3497 meretur.

218 3537 220 3544 ’
330 3544 396 3609 Diu
427 3543 564 3610 miratus
588 3544 770 3630 sumquod
795 3544 855 3610 hac
879 3542 976 3611 dere
999 3546 1128 3612 nullum
1151 3549 1258 3615 locum
1282 3551 1359 3616 Ari-

285 3659 500 3742 stophaneum
524 3655 723 3740 invenirem,
749 3679 851 3743 quum
866 3680 931 3723 non
944 3660 1081 3725 dubium
1100 3661 1183 3727 mihi
1197 3662 1361 3730 videretur

285 3773 363 3856 quin
387 3770 521 3856 lynceiis
544 3771 601 3836 ille
623 3771 752 3836 criticus
775 3771 835 3836 hoc
859 3793 986 3858 quoque
1003 3773 1121 3840 vitium
1137 3775 1172 3840 in
1193 3776 1359 3864 Euripidis

284 3884 460 3970 tragoediis
484 3884 738 3969 deprehenderit.
764 3884 907 3950 Tandem
931 3885 1030 3951 incidi
1051 3888 1084 3951 in
1102 3890 1359 3957 Acharnensium

284 4019 413 4063 versum
436 3998 520 4082 443,
543 3998 616 4082 ubi,
643 3998 677 4061 in
705 3998 845 4063 transitu
866 4006 975 4064 tamen
999 4005 1032 4066 et
1056 4001 1223 4087 aliquanto
1244 4005 1360 4072 obscu-

284 4112 362 4194 rius,
386 4111 471 4177 ridot
494 4111 709 4197 Euripideum
732 4112 876 4194 chorum,
901 4135 1001 4198 quum
1019 4115 1098 4182 dicit
1113 4120 1189 4192 τοὺς
1206 4122 1362 4206 χορευτὰς

282 4222 427 4300 ἠλιθίους
447 4225 647 4310 παρεστάναι·

328 4335 452 4400 Iterum
487 4333 539 4400 hic
573 4341 707 4419 apparet
744 4334 910 4420 Euripidis
950 4338 984 4402 in
1019 4341 1135 4408 veteris
1175 4344 1359 4428 tragoediae

239 4457 241 4462 '
283 4449 410 4534 legibus
434 4429 600 4513 mutandis
625 4448 857 4530 infortunium,
874 4451 948 4535 qui,
972 4473 1163 4538 quacunque
1178 4477 1197 4520 a
1211 4478 1363 4541 praeces·
