3216 5154
767 421 808 480 23

256 603 397 689 aliquam
423 603 615 668 affinitatem
641 602 725 666 inter
749 603 898 666 dramata
921 603 1005 667 male
1028 604 1207 688 composita
1230 611 1263 669 et
1279 604 1331 669 in-

254 720 418 784 credulam
465 723 608 783 mentcm
653 723 783 802 poetae,
834 717 962 782 etiamsi
1011 739 1178 803 nunquam
1225 718 1332 804 digito

255 833 455 898 indicaverit.

699 952 859 963 ,ΑΛΛκΛΛΛΑΛ
867 953 881 963 x.
886 954 890 961 π

256 1086 271 1166 l
299 1087 328 1150 3.
379 1087 535 1166 Quanta-m
553 1083 725 1169 Euripidis
746 1087 890 1170 impietas
908 1085 973 1169 qus
993 1084 1161 1170 tragoediis
1181 1088 1328 1149 nocuerit.

298 1287 474 1372 Tragoedia
505 1287 632 1368 Attica,
657 1286 787 1372 qualem
811 1286 992 1370 Aeschylus
1017 1292 1050 1352 et
1075 1286 1250 1372 Sophocles
1275 1306 1328 1349 co-

254 1403 382 1468 luerant
410 1403 603 1488 qualemque
635 1425 675 1466 ex
708 1423 818 1467 eorum
839 1400 976 1483 'scriptis
999 1399 1169 1482 novimus,
1195 1399 1329 1464 numine

253 1522 286 1580 et
320 1515 383 1580 diis
411 1538 517 1580 carere
541 1537 606 1580 non
629 1521 747 1601 potest.
795 1513 862 1578 Vix
885 1535 999 1598 operae
1020 1513 1237 1597 pretium'est
1257 1533 1327 1576 mo-

254 1649 329 1692 nere
364 1628 436 1712 ipsa
469 1628 648 1692 certamina
680 1626 803 1712 tragica
835 1647 945 1690 revera
975 1624 1017 1688 ad
1045 1625 1178 1690 deorum
1202 1625 1328 1691 cultum

254 1738 468 1824 pertinuisse,
503 1759 568 1802 non
600 1739 686 1804 enim
721 1738 830 1804 nescio
865 1738 1083 1804 Athenienses
1119 1740 1206 1824 ipsos
1231 1738 1328 1824 hujus

160 1845 165 1854 '
253 1853 298 1916 rei
322 1851 513 1936 plerumque
536 1872 650 1936 parum
675 1851 776 1916 fnisse
800 1872 957 1916 memores
965 1877 973 1928 3
997 1850 1187 1936 quinetiam
1201 1873 1327 1917 comoe-

253 1965 326 2030 diae
349 1963 383 2028 in
407 1965 539 2031 deorum
564 1965 717 2030 honorem
741 1964 912 2046 dabantur,
937 1964 972 2027 in
996 1963 1113 2049 quibus
1138 1970 1259 2049 quanto
1276 1963 1327 2028 lu-

253 2077 357 2142 dibrio
382 2084 491 2142 essent
515 2077 646 2144 coelites
667 2100 765 2163 supra
776 2089 850 2163 pag.
869 2080 908 2141 14
923 2100 969 2162 sq.
985 2076 1137 2142 vidimus.
1175 2077 1214 2141 Id
1226 2077 1329 2162 igitur

253 2191 365 2273 mitte,
402 2196 439 2256 ut
473 2193 533 2257 hoc
568 2193 674 2258 solum
709 2213 864 2277 urgeam,
896 2190 1082 2277 tragoediae
1115 2191 1187 2276 ipsa
1210 2188 1327 2254 funda-

253 2308 364 2368 menta
399 2305 461 2370 uiti
496 2305 661 2391 religione.
713 2305 748 2371 si
779 2305 967 2371 Aristotelis
1000 2306 1129 2389 regulas
1154 2303 1326 2386 adhibeas,
1391 2335 1393 2340 ¹

253 2439 333 2503 quas
370 2419 580 2504 Lessingius‚
618 2441 682 2484 non
714 2419 858 2505 vulgaris
894 2441 971 2484 sane
1005 2420 1044 2484 de
1073 2416 1208 2484 scenicis
1232 2417 1328 2482 rebus

248 2529 369 2615 judex,
401 2531 599 2596 certissimos
623 2553 761 2596 canones
786 2531 915 2597 vocavit
932 2533 957 2615 ¹,
984 2531 1168 2616 tragoedia,
1193 2531 1326 2594 misera-

254 2644 376 2709 tionem
400 2652 433 2708 et
456 2645 605 2710 timorem
630 2644 816 2728 excitand0,
842 2651 968 2730 spectat
991 2643 1251 2709 emendationem
1267 2644 1326 2707 ho-

253 2779 324 2822 rmn
349 2764 382 2823 et
405 2742 564 2823 similium
590 2758 624 2823 in
644 2758 813 2823 hominurn
828 2757 947 2853 animis
960 2757 1174 2841 affectuuml,
1194 2757 1328 2844 ideoque

224 3034 227 3039 ’
284 3036 290 3069 ¹
328 3037 378 3087 vd.
404 3037 494 3085 Hamb.
521 3035 702 3098 Dramaturgie
728 3034 774 3083 sab
796 3035 884 3082 finem:
922 3033 981 3082 “Ich
999 3032 1089 3096 glaube
1106 3035 1146 3083 die
1164 3035 1345 3086 dramatische,

250 3127 421 3175 “Dichtkunst
438 3126 529 3174 studirt
546 3141 575 3173 aa
593 3124 685 3174 haben.
697 3162 701 3172 .
713 3162 734 3172 ..
776 3125 837 3174 Was
853 3124 918 3198 mich
937 3123 987 3173 also
1004 3124 1141 3173 versichert
1157 3125 1239 3176 dass..
1252 3162 1273 3174 ..
1288 3127 1328 3176 ich

251 3216 311 3262 “das
329 3215 422 3264 Wesen
438 3214 484 3262 der
500 3212 682 3262 dramatischen
700 3211 855 3261 Dichtkunst
871 3211 939 3259 nicht
955 3212 1097 3272 verkenne,
1115 3213 1147 3262 ist
1163 3214 1254 3269 dieses,
1271 3217 1328 3283 dass

252 3303 309 3352 “ich
335 3317 361 3352 ss
387 3304 556 3353 vollkommen
581 3319 609 3352 so
633 3304 745 3352 erkenne
770 3304 817 3352 wie
839 3317 865 3352 ss
886 3304 1037 3353 Aristoteles
1053 3320 1098 3353 aas
1114 3306 1161 3354 den
1179 3307 1328 3370 antithligen

252 3394 478 3443 “Meisterstiicken
503 3395 548 3442 der
570 3384 741 3458 griechischen
758 3393 848 3442 Buhne
866 3393 1002 3442 abstrahirt
1022 3394 1124 3444 hat...
1165 3395 1208 3443 Ich
1226 3397 1329 3459 gestehe

252 3485 323 3530 “dass
352 3482 390 3531 ich
416 3483 455 3531 dic
480 3481 635 3531 Dichthunst
659 3482 739 3530 dieses
764 3481 931 3544 Philosophen
954 3482 993 3530 fiir
1009 3483 1048 3531 ein
1065 3483 1155 3532 ebenso
1172 3484 1330 3534 unfehlbares

251 3572 348 3622 “Werk
366 3571 432 3621 hatte
449 3571 484 3619 als
500 3572 541 3619 die
559 3571 689 3620 Elementa
706 3573 749 3619 des
766 3571 887 3621 Euklides
904 3587 953 3620 nur
969 3574 1058 3621 immor
1074 3573 1154 3622 sind.'’

285 3661 295 3692 ²
327 3663 397 3711 Poet,
414 3663 442 3710 6:
459 3663 529 3712 ἔστιν
546 3664 592 3711 οὖν
610 3661 736 3726 τραγῳδία
755 3663 858 3725 μίμησις
876 3663 988 3726 πράξεως
1009 3664 1150 3722 σπουδαίας
1167 3667 1207 3712 καὶ
1217 3666 1326 3727 τελείας,
1405 3698 1408 3706 ·

251 3749 354 3815 μέγεθος
364 3749 623 3814 ἑχούσης,ἡδυσμὲνιμ
643 3750 711 3813 λόγῳ
728 3750 805 3812 χωρὶς
822 3750 927 3800 ἑκάστου
946 3757 996 3800 τῶν
1014 3751 1087 3802 εἰδῶν
1105 3755 1132 3802 ἐν
1150 3757 1204 3812 τοῖς
1221 3755 1327 3819 μορίοις,

252 3837 370 3903 δρώντων
396 3840 437 3888 καὶ
455 3840 485 3887 οὐ
503 3837 532 3888 δι’
553 3839 728 3904 ἀπαγγελίας,
746 3837 774 3887 δι’
793 3838 863 3889 ἐλέου
880 3842 920 3888 καὶ
939 3841 1021 3905 φόβου
1039 3843 1193 3906 περαίνουσα
1210 3843 1260 3902 τὴν
1276 3849 1328 3892 τῶν

252 3927 377 3982 τοιούτων
402 3929 564 3992 παθημάτων
586 3929 715 3991 κάθαρσιν.
750 3927 831 3989 Quem
849 3930 930 3979 locum
948 3932 1136 3980 venalissimum
1153 3933 1188 3980 ita
1204 3933 1326 3997 explican-

252 4018 310 4064 dum
335 4025 410 4080 puto:
444 4018 491 4066 Est
516 4019 593 4081 igitur
617 4018 746 4080 tragoedia
770 4017 875 4067 imitatio
897 4020 1001 4068 actionis
1018 4020 1110 4078 seriae,
1128 4021 1152 4068 in
1169 4035 1195 4070 se
1212 4036 1323 4070 consum·

254 4121 335 4156 metae
359 4108 470 4171 aptisque
485 4103 584 4157 ¹tinibus
608 4108 820 4170 circumscriptae,
840 4122 954 4170 expressa
972 4111 1082 4158 oratione
1100 4114 1181 4158 canna
1198 4119 1236 4167 et,
1253 4120 1328 4173 prout

252 4195 351 4247 diversa
376 4206 432 4246 sunt
457 4214 550 4261 genera
575 4199 685 4257 dicendi,
711 4198 894 4246 accommodata
919 4198 1023 4260 singulis
1049 4199 1129 4261 operis
1152 4199 1274 4261 1=artibus;
1291 4202 1327 4249 ita

252 4300 325 4348 porro
342 4286 468 4344 institute,
486 4296 591 4350 atquae
608 4294 729 4349 geruntur
746 4285 884 4343 videamus,
898 4300 946 4334 non
961 4287 1044 4336 auditu
1059 4289 1328 4352 modoccgnoscamus,

251 4375 357 4437 denique
375 4375 399 4424 id
416 4386 537 4438 spectem,
557 4386 584 4425 nt
601 4377 733 4426 excitando
751 4375 935 4424 miserationem
952 4387 977 4426 ct
989 4377 1117 4439 timorem,
1128 4379 1172 4428 hos
1183 4379 1326 4443 similesque

250 4464 352 4514 affectus
370 4468 492 4514 emendet.
