3222 5170
784 377 845 440 105

276 559 403 624 scribus
439 558 610 642 deflectat,
651 557 819 624 subductis
856 558 989 623 calculis
1024 559 1121 645 longe
1147 560 1186 625 iis
1211 560 1351 626 deterius

275 694 344 737 rem
367 672 473 757 egisse
496 670 676 738 censendus
700 671 762 760 sit3
786 671 969 757 pariterque
992 670 1133 736 affinitas
1156 671 1233 757 illa,
1258 675 1354 739 toties

271 785 342 871 jam
365 807 386 852 a
407 808 460 851 me
482 790 753 869 commemorata,
779 786 864 850 inter
888 805 1006 850 novam
1020 785 1240 870 comoediam,
1260 787 1356 853 choro

277 903 459 982 carentem,
485 899 619 984 ejusque
642 899 796 964 dramata
825 898 888 964 Hic
911 917 1038 983 quoque
1057 898 1092 962 in
1109 919 1145 964 eo
1158 899 1357 985 conspicitur

277 1012 445 1078 transitus
471 1012 605 1098 quidam
641 1035 660 1077 a
694 1013 794 1078 veteri
827 1020 896 1076 arte
930 1012 972 1076 ad
1005 1032 1141 1088 novam3
1174 1013 1287 1112 mulos¹
1303 1013 1357 1078 hic

277 1145 403 1210 quoque
426 1125 556 1211 gignit,
582 1131 620 1190 ut
641 1147 802 1190 recurram
826 1126 866 1190 ad
890 1125 1044 1192 Germani
1068 1124 1254 1209 philosophi
1276 1125 1356 1191 alle-

276 1238 402 1324 goriam
418 1237 438 1302 ¹.
464 1237 574 1328 'Quum
599 1238 687 1303 enim
710 1240 806 1304 ¹choro
830 1237 908 1324 quid
920 1238 1039 1303 iaceret
1052 1238 1106 1302 vix
1117 1238 1199 1304 bene
1212 1247 1323 1307 nosset
1331 1239 1357 1326 ²,

277 1373 381 1437 neque
403 1358 482 1417 sane
504 1351 622 1418 actoris
634 1356 743 1436 partes
754 1350 963 1437 officiumque
977 1350 1069 1416 virile
1081 1351 1112 1416 ei
1126 1352 1355 1439 impertiretur,

278 1484 343 1529 non
378 1468 488 1529 tamen
522 1464 607 1530 istuc
641 1485 740 1529 ausus
775 1469 826 1529 est
861 1463 1012 1549 progredi
1046 1470 1084 1530 ut
1117 1486 1191 1530 eum
1225 1489 1357 1551 prorsus

278 1576 476 1658 dimitteret,
501 1576 558 1642 sed
581 1576 624 1642 ad
646 1576 773 1642 cantica
796 1577 994 1642 modulanda
1017 1599 1055 1642 eo
1079 1585 1130 1644 est
1153 1601 1250 1664 usus,
1270 1582 1359 1650 hand

280 1690 426 1777 vulgaris
463 1690 596 1776 quidem
630 1691 709 1757 artis
744 1691 940 1757 documenta
947 1739 956 1774 ,
982 1692 1039 1757 sed
1061 1714 1135 1758 cnm
1159 1693 1240 1779 ipsis
1263 1694 1358 1761 fabu-

278 1807 385 1871 larum
408 1804 613 1891 argumentis
638 1826 734 1889 saepc
758 1810 815 1869 aut
838 1803 922 1869 nihil
945 1804 1071 1870 confine
1095 1805 1268 1891 habentia,
1302 1815 1360 1874 aut

279 1926 347 1985 tam
370 1939 487 2006 parum
509 1922 547 1982 ut
571 1918 626 1982 vix
649 1916 797 2003 dignosci
820 1924 919 2003 queat
934 1919 956 1982 ³.
1004 1918 1044 1982 In
1068 1919 1200 1984 caeteris
1228 1920 1355 1986 fabula-

280 2057 351 2100 rum
377 2033 524 2119 partibus
549 2033 658 2098 adstat
682 2033 805 2116 otiosus
830 2017 942 2116 testis,
963 2033 1060 2118 ¹pisce
1083 2034 1205 2100 mutior
1228 2034 1285 2100 ubi
1308 2037 1360 2101 vel

283 2170 411 2214 summa
442 2146 563 2214 scelera
586 2147 649 2212 scit
668 2145 795 2236 parari,
820 2167 903 2232 quac
926 2168 991 2211 uno
1014 2149 1148 2214 verbulo
1171 2171 1360 2234 praecavere

281 2268 392 2346 posset
406 2263 428 2324 ⁴.
458 2260 566 2340 Quum
589 2259 726 2327 forensis
753 2259 862 2345 agitur
884 2260 1099 2346 disceptati0,
1118 2262 1284 2328 tantulum
1301 2264 1360 2328 bo-

283 2453 310 2461 α

315 2557 323 2588 ¹
340 2556 435 2607 Hamb.
452 2557 568 2606 Dramat.
586 2562 622 2603 n0.
639 2556 679 2606 48.
713 2555 751 2608 cf.
769 2551 844 2620 supra
863 2571 921 2621 pag.
938 2559 971 2607 35
986 2559 1042 2606 adn.
1059 2561 1083 2607 5.

312 2643 432 2696 'Bernln
449 2643 485 2693 l.l.
502 2655 560 2707 pag.
577 2644 639 2692 413:
657 2644 755 2693 “dieser
771 2644 983 2694 unrermeidliche
995 2645 1360 2697 Nachlassdesdramatischen

282 2735 403 2786 Gedichts
420 2734 509 2783 driickt
526 2734 569 2783 ilm
585 2734 678 2783 alseio
694 2735 798 2797 listiges
815 2733 1004 2784 Herkommen''
1022 2745 1069 2784 ete.
1121 2766 1124 2771 -

314 2824 324 2855 ³
340 2825 378 2875 Ut
394 2825 469 2889 hujus
486 2825 524 2874 rei
540 2825 685 2887 exemplum
705 2823 815 2884 afferam,
832 2824 922 2888 delego
938 2826 1056 2874 lectorem
1073 2826 1104 2874 ad
1116 2825 1206 2874 Helen.
1217 2837 1252 2874 vs.
1266 2828 1360 2880 1317-

285 2915 359 2972 1384,
384 2913 427 2963 nbi
451 2928 499 2962 non
522 2913 669 2977 intelligitur
686 2928 736 2977 qno
753 2913 857 2962 oonsilio
874 2913 979 2977 Cybeles
998 2915 1037 2964 vel
1054 2914 1152 2966 Cereris
1170 2912 1220 2962 fata
1235 2926 1364 2964 canantur.

283 3005 324 3064 [In
349 3003 469 3066 corruptis
494 3018 542 3051 ves.
566 3003 629 3052 1369
653 3017 704 3066 sqq.
727 3003 887 3066 Musgravius
905 3011 976 3066 putat
992 3003 1068 3052 alludi
1084 3002 1117 3051 ad
1133 3004 1232 3054 Thesea
1248 3007 1289 3068 qni
1310 3009 1363 3054 “se-

282 3101 400 3154 ptennem
417 3090 546 3141 defloravit
561 3091 701 3143 Helenen.''
718 3093 786 3142 Num
808 3091 959 3155 Thesmoph.
977 3108 1005 3141 vs
1030 3094 1079 3142 480
1095 3091 1160 3142 forte
1178 3094 1265 3142 eodem
1288 3095 1363 3157 respi-

280 3182 389 3245 citurli]
818 3248 821 3252 .

315 3273 346 3321 In
371 3272 471 3322 Electra
496 3271 578 3320 fabula
603 3287 652 3320 non
677 3272 759 3321 minus
784 3273 847 3320 milri
872 3272 986 3335 displicet
1010 3271 1075 3335 qnod
1096 3272 1202 3321 Homeri
1219 3273 1278 3321 satis
1294 3274 1365 3322 laeva

284 3361 422 3411 imitatione
447 3360 596 3410 describitur
620 3361 721 3425 clypeus
743 3359 862 3421 Achillis,
878 3363 932 3410 loco
949 3361 1052 3409 minime
1069 3361 1189 3424 apposito.
1222 3363 1280 3411 Non
1299 3363 1365 3412 enim

283 3452 314 3500 ds
332 3450 433 3500 Achille
450 3452 492 3500 sed
510 3451 540 3499 de
556 3450 750 3513 Agamemnone
767 3451 891 3513 agendum
908 3459 970 3500 erat,
1004 3450 1072 3507 Nisi,
1090 3458 1118 3498 nt
1138 3459 1194 3514 post
1216 3459 1310 3501 mutam
1330 3453 1364 3514 ei,
1376 3475 1389 3520 ,-

283 3540 434 3604 gressionem
458 3541 488 3588 ad
514 3554 567 3589 rem
592 3538 721 3597 redeatur,
747 3538 869 3588 sufficiant
892 3539 951 3589 haec
972 3540 1061 3598 verba,
1083 3541 1244 3603 praeconium
1261 3541 1365 3592 Achillis

284 3629 386 3694 ejusque
403 3643 531 3678 armorum
547 3629 720 3691 subsequentia
737 3629 783 3691 (vs.
799 3629 849 3682 478
864 3635 923 3692 sq.)=

448 3717 545 3768 τοιῶνδ’
563 3720 660 3768 ἄνακτα
678 3717 818 3783 δοριπόνων

448 3810 534 3866 ἔκανες
552 3807 669 3869 ἀνδρῶν,
687 3806 809 3871 Τννδαρί,
828 3808 860 3855 σὰ
878 3806 970 3872 λέχεα,
989 3809 1118 3872 κακόφρων
1137 3808 1206 3872 κόρα.

285 3901 417 3950 Mirificum
447 3898 556 3962 proiecto
580 3898 698 3947 laudandi
723 3900 838 3957 modom,
868 3913 916 3962 quo
942 3898 1023 3961 gloria
1048 3899 1154 3949 Achillis
1179 3897 1366 3948 transscribitur

286 3991 313 4039 in
330 3992 560 4053 Agamemnonem!
588 3988 667 4051 Quasi
683 4002 743 4038 vero
759 3988 862 4037 Atrides
879 3988 959 4037 famae
976 4003 1036 4038 suae
1053 3988 1139 4039 florem
1156 3988 1257 4038 deberet
1273 3988 1316 4036 uni
1334 4002 1365 4036 ex

285 4080 436 4144 principibus
461 4080 504 4145 qui
528 4059 574 4129 sub
598 4079 651 4143 ejus
674 4078 768 4128 vexillo
790 4087 975 4142 pugnaverant,
999 4087 1023 4127 ot
1045 4079 1109 4127 nihil
1125 4080 1177 4143 ipse
1194 4077 1286 4144 egisset
1302 4079 1366 4141 quod
1434 4092 1437 4097 ·

286 4172 411 4220 celebrato
427 4172 532 4235 dignum
548 4178 623 4220 esset.

320 4261 330 4292 ⁴
348 4262 384 4310 Ut
400 4261 498 4308 mittam
515 4262 618 4310 chorum
634 4260 660 4308 iu
677 4259 828 4324 Hippolyto,
844 4273 922 4322 pravo
935 4259 1097 4322 jurejurando
1114 4258 1272 4317 obstrictum,
1290 4258 1366 4320 inpri-

288 4350 334 4398 mis
359 4349 471 4398 mirsnda
493 4357 531 4399 est
552 4364 581 4399 ea
598 4349 753 4399 taciturnitas
771 4349 797 4395 in
813 4348 904 4397 Medea
921 4346 1016 4407 fabula,
1033 4347 1075 4396 ubi
1091 4348 1194 4407 chorus,
1212 4363 1289 4412 quum
1307 4348 1368 4396 sciat

289 4438 414 4488 heroicam
441 4453 528 4500 parare
549 4440 651 4490 caedem
676 4438 809 4503 triplicem,
834 4437 896 4487 nihil
918 4452 943 4486 se
964 4437 1140 4501 evulgaturum
1156 4419 1291 4502 promittit}
1308 4437 1368 4500 quid
