3216 5154
799 406 839 464 74

554 594 614 653 καὶ
637 589 977 675 κατερρινημένον
996 587 1017 656 ¹,
1079 585 1081 588 ¹

553 696 609 759 τὸν
631 691 657 758 δ’
679 693 858 758 ἀνασπῶντ’
879 693 1104 778 αὐτοπρέμνοις

552 807 619 872 τοῖς
639 797 788 883 λόγοισιν

552 904 725 981 ἐμπεσόντα
747 898 925 967 σνσκεδῖιν’
945 899 1024 965 πολ·

552 1005 615 1081 λὰς
635 1003 831 1094 ἀλινδήθρας
852 1009 944 1071 ἐπῶν·

321 1147 455 1231 Incepto
475 1153 584 1211 autem
605 1147 797 1231 certamine,
812 1146 986 1233 Euripides
998 1168 1096 1232 quam
1109 1145 1195 1212 viam
1208 1147 1242 1211 in
1255 1169 1342 1213 com-

274 1260 432 1347 ponendis
463 1259 637 1345 tragoediie
669 1261 780 1326 inierit
802 1266 931 1326 enarrat
954 1261 1017 1344 (vs.
1044 1263 1108 1326 939
1131 1262 1232 1346 sqq.),
1257 1259 1343 1325 etin

274 1378 339 1442 fine
372 1374 527 1442 orationis
559 1374 664 1459 jactat
695 1374 781 1440 cives
814 1397 834 1440 a
867 1396 901 1438 se
935 1372 1046 1438 λαλεῖν
1075 1373 1228 1439 didicisse
1263 1373 1343 1458 (uti-

274 1511 362 1573 nam,
385 1488 517 1574 suhjicit
539 1487 740 1572 Aeschylus,
754 1487 844 1574 prius
857 1488 1025 1574 disruptus
1038 1489 1143 1554 esses!
1157 1488 1199 1573 ³),
1217 1493 1251 1554 et
1265 1487 1343 1552 artis

274 1602 449 1668 rhetoricae
477 1600 696 1685 subtilitates,
730 1624 809 1687 quas
843 1624 920 1668 mox
947 1601 1046 1667 etiam
1070 1623 1104 1666 se
1126 1601 1208 1666 bene
1229 1600 1344 1666 callere

275 1714 436 1796 ostendit,
461 1735 562 1800 quum
589 1713 801 1800 Ghodphordn
828 1713 960 1780 initium
988 1714 1224 1798 reprehendens
1240 1713 1345 1779 utitur

274 1826 496 1912 grammaticis
529 1827 667 1913 argutiis
700 1851 746 1894 vs.
782 1830 866 1893 1167
902 1849 949 1913 sq.
972 1830 994 1892 ⁴.
1044 1827 1210 1894 Gloriatur
1245 1826 1343 1892 disci-

275 1941 361 2027 pulis
399 1963 434 2006 se
469 1941 598 2027 dignis,
639 1943 853 2021 Theramene,
878 1941 1121 2027 *Olitophonte3
1163 1962 1263 2027 quum
1305 1963 1344 2007 ex

276 2054 429 2138 Aeschyli
452 2054 626 2140 disciplina
652 2055 830 2139 prodierint
857 2054 1060 2120 Phormisius
1085 2060 1118 2119 et
1134 2053 1343 2140 Megaenetus

276 2166 332 2232 ille
352 2166 500 2232 stolidior
521 2189 621 2232 servo.

322 2280 462 2361 Questus
495 2285 604 2346 autem
637 2281 817 2365 Aeschylus
849 2280 911 2366 (vs.
948 2283 1032 2345 1069
1064 2282 1151 2367 sqq.)
1185 2280 1224 2346 de
1247 2281 1346 2366 λαλιᾷ

276 2394 349 2478 illa,
385 2395 425 2460 ab
457 2393 614 2479 Euripide
646 2394 888 2477 commendata,
929 2416 1011 2480 quae
1042 2417 1159 2461 vacuas
1190 2395 1344 2460 reddebat

275 2507 452 2593 palaestras
489 2512 524 2572 et
559 2529 663 2574 moret
703 2527 876 2592 puerorum
916 2508 1158 2593 corrumpebat,
1205 2507 1343 2593 denique

276 2621 436 2687 exclamat
459 2621 521 2704 (vt.
549 2623 634 2688 1083
658 2621 763 2706 sqq.):

309 2833 316 2864 ¹
352 2833 443 2882 hfirem
467 2833 680 2895 perturbationem
705 2833 730 2881 in
755 2832 827 2896 hujus
850 2832 899 2882 loci
922 2830 1125 2898 interpretatione
1141 2833 1221 2881 movit
1236 2832 1345 2896 Spanhe-

276 2924 352 2980 ruins,
377 2937 407 2972 ea
430 2937 493 2985 quac
518 2924 548 2970 de
575 2924 694 2986 Euripide
715 2923 832 2972 dicuntur
852 2923 885 2972 ad
901 2922 1056 2987 Aeschylum
1072 2929 1184 2992 epectarp
1199 2930 1303 2986 putans,
1319 2931 1347 2972 et

276 3011 482 3076 κατερρινημένον
499 3023 596 3061 vertens
613 3013 673 3061 hene
689 3017 847 3076 compactum
862 3025 939 3074 quum
951 3012 1240 3077 dgnidcetperpolituaer.
1257 3013 1346 3076 Neque

275 3117 324 3165 quo
338 3111 457 3164 provocat
474 3101 527 3150 loco
543 3101 634 3151 Aesch.
652 3100 740 3163 Suppl.
757 3114 794 3148 vs.
811 3100 940 3151 747aliter
951 3109 1057 3158 vertam
1068 3099 1187 3164 βραχίον’
1198 3102 1346 3166 εὐκατερρι-

276 3189 377 3254 νημίνοι
393 3189 427 3238 ibi
443 3191 559 3238 dicuntur
575 3190 666 3239 milites
682 3189 770 3253 quibus
787 3189 887 3238 brachia
900 3191 995 3249 nitida,
1011 3189 1230 3253 quodvocabulum
1242 3189 1346 3238 latinum

276 3280 334 3328 item
359 3279 472 3341 designat
495 3287 577 3336 cutem
602 3291 659 3327 cum
684 3277 747 3326 bene
771 3283 895 3334 curatam,
917 3277 1102 3339 splendentem,
1119 3287 1172 3328 tum
1189 3279 1264 3328 etiem
1282 3293 1345 3343 quae

277 3370 364 3424 bonum
381 3369 546 3418 valetudinem
563 3376 589 3418 et
604 3369 680 3417 robur
695 3368 795 3418 indicet.

309 3457 320 3489 ²
353 3447 479 3507 Σοσκεδᾶν
509 3467 579 3506 verto
606 3459 742 3523 didicere,
769 3471 859 3520 nempe
887 3457 963 3506 verba
991 3459 1022 3506 ab
1048 3459 1190 3507 adversario
1215 3460 1346 3509 artificiose

276 3549 412 3612 conjuncta.
1261 3597 1264 3604 .

309 3637 318 3666 ³
352 3637 411 3685 Jam
436 3646 494 3684 ante
520 3651 555 3688 vs.
581 3638 631 3687 916
657 3638 784 3701 Dionysus
808 3639 905 3687 dixerat
922 3637 968 3702 lyd
986 3637 1007 3686 δ’
1024 3615 1125 3701 ἔχαιρον
1142 3641 1175 3703 τῇ
1191 3641 1288 3704 σιωπῇ,
1306 3640 1347 3687 καί

277 3729 304 3788 με
323 3725 389 3775 τοῦτ’
407 3723 509 3790 ἔτερπεν
527 3726 574 3789 οὐχ
591 3725 669 3787 ἦττον
687 3727 702 3786 ἦ
720 3731 768 3776 νῦν
785 3728 808 3776 oi
825 3728 971 3784 λαλοῦντες.

311 3815 352 3865 Sic
376 3813 450 3863 etiam
473 3830 508 3864 va.
532 3815 565 3865 89
590 3816 712 3869 Hercules
736 3819 767 3867 de
789 3815 967 3868 recentioribus
993 3817 1071 3878 poetis
1094 3817 1196 3879 tragicis
1216 3819 1347 3867 admodum

275 3905 365 3954 acerbe
382 3912 559 3969 percunctatur
576 3905 728 3968 Dionysum:

445 3999 446 4004 ’
504 3995 595 4044 οὔκουν
611 3992 671 4058 ἕτερ’
688 3994 738 4045 ἔστ’
755 3996 865 4044 ἐνταῦθα
881 3994 1055 4059 μειρακύλλια,

504 4083 645 4148 τραγῳδίας
664 4086 786 4133 ποιοῦντα
806 4085 879 4132 πλεῖν
895 4084 911 4141 ἡ
929 4083 1032 4147 μυρίας,

505 4172 643 4237 Εὐριπίδου
661 4172 736 4220 πλεῖν
753 4173 768 4231 ὴ
786 4172 881 4236 σταδίῳ
898 4172 1051 4234 λαλίστερα;

310 4264 320 4295 ⁴
354 4266 394 4314 Ad
412 4279 484 4327 quom
500 4262 581 4314 locum
598 4272 735 4326 opportune
754 4263 814 4311 citat
825 4262 935 4316 Kochiue
947 4260 1060 4310 Platonis
1071 4261 1172 4320 Protep.
1184 4274 1240 4323 pag.
1254 4261 1302 4311 337
1315 4261 1350 4316 A,

278 4356 319 4402 ubi
337 4356 415 4404 facete
431 4354 533 4416 loquens
548 4352 673 4402 inducitur
691 4353 819 4408 Prodicus,
838 4351 963 4414 Euripidis
981 4351 1112 4412 magister,
1130 4351 1250 4398 similium
1270 4365 1348 4414 argu-

280 4448 369 4494 tiarum
388 4450 497 4494 venator.
