3222 5170
808 401 848 462 78

291 580 387 666 ditis,
412 555 452 645 de
476 581 592 665 quibus
616 579 807 666 plerumque
830 601 945 664 parum
969 583 1114 661 constat,
1136 578 1230 663 plura
1245 579 1361 644 addere

290 715 371 779 opus
395 699 460 770 est3
485 691 625 758 sufficiat
648 714 713 756 nno
737 692 834 758 verbo
858 690 1058 756 mentionem
1081 691 1184 756 facere
1207 692 1247 756 de
1266 691 1361 758 Pala-

289 806 401 888 mede,
432 805 524 890 eujus
559 804 687 870 tabulae
722 809 951 890 argumentum
981 807 1050 868 erat
1075 803 1168 868 heros
1209 806 1241 867 in
1272 806 1363 890 judi-

291 918 376 984 cium
399 919 559 986 adductus
582 926 616 986 et
635 919 751 1004 capitis
775 919 958 1013 damnatus.

334 1027 443 1111 Quum
465 1041 574 1098 autem
597 1032 726 1098 inistis
748 1032 896 1097 oratoriis
925 1031 1078 1096 diverhiis
1099 1053 1197 1097 causa
1222 1032 1360 1097 deterior

290 1166 354 1210 non
379 1144 505 1210 minore
526 1144 680 1211 facundia
702 1144 832 1210 dicetur
852 1165 951 1230 quem
970 1144 1063 1228 justa
1083 1165 1191 1228 causa,
1214 1150 1250 1210 et
1264 1167 1358 1231 argu-

288 1257 428 1341 mentis,
453 1259 594 1344 pondere
619 1258 756 1323 minime
780 1257 967 1340 destitutis,
993 1233 1150 1342 seepeu'ti
1165 1256 1275 1323 videas
1288 1280 1361 1344 per-

289 1391 384 1436 sonas
420 1371 571 1437 scelestas
603 1377 640 1436 ut
671 1371 802 1456 culpam
837 1393 856 1436 a
885 1391 920 1436 se
948 1376 1116 1453 avertant,
1149 1392 1214 1436 non
1243 1371 1361 1456 injuria

288 1483 417 1550 videtur
452 1485 673 1550 succensuisse
700 1485 842 1550 comicus
875 1483 1045 1568 Euripidi,
1079 1483 1126 1549 sic
1154 1505 1212 1570 per
1233 1483 1360 1550 fabulas

288 1617 363 1661 suas
397 1596 526 1662 docenti
558 1598 720 1683 quomodo
750 1597 885 1682 pulchra
916 1597 1038 1682 species
1063 1597 1232 1683 praetendi
1255 1597 1360 1682 possit

288 1708 382 1773 rebhs
407 1709 520 1792 malis,
546 1710 670 1796 siquis
695 1711 792 1776 modo
815 1711 933 1775 calleat
961 1715 1063 1775 artem
1079 1709 1226 1786 dicendi3
1243 1731 1360 1794 nempe

409 1825 440 1888 ἐκ
461 1827 581 1898 παντὸς
603 1823 643 1888 ἄν
664 1853 711 1897 τις
733 1825 921 1910 πράγματος
942 1820 1061 1889 δισσῶν
1083 1823 1193 1908 λόγων

410 1933 518 2019 ἀγῶνα
542 1933 612 2000 θεῖτ’
634 1935 683 2009 ἄν,
706 1939 728 2000 εἰ
751 1934 855 2021 λέγειν
877 1934 921 2007 εἴη
943 1937 1063 2020 σοφός,

287 2050 325 2109 nt
349 2045 383 2110 in
407 2044 548 2130 quadam
570 2044 737 2130 Euripidis
761 2045 872 2111 fabula
895 2046 942 2110 ait
965 2048 1079 2113 chorus
1098 2048 1116 2112 ¹,

334 2156 495 2241 Exempla
519 2157 722 2242 eloquentiae
745 2165 814 2224 tam
837 2180 935 2243 prave
962 2159 1128 2226 adhibitae
1150 2160 1361 2246 suppeditant

289 2269 377 2333 verbi
410 2268 517 2353 gratia
549 2268 612 2334 loci
647 2270 702 2335 ubi
737 2271 907 2336 hominum
945 2271 1119 2337 sceleribus
1156 2294 1192 2336 ac
1234 2273 1359 2357 probris
1448 2357 1451 2361 Ι

289 2386 475 2466 praetextus
507 2382 788 2468 patrociniumque
819 2385 942 2470 petitur
972 2407 1013 2450 ex
1036 2386 1198 2452 veteribus
1222 2386 1358 2470 fabulis,

289 2495 329 2559 de
360 2493 422 2559 diis
453 2494 575 2560 similia
604 2495 824 2575 tradentibus3
856 2519 952 2583 quem
976 2498 1115 2584 impium
1139 2499 1360 2586 mythologice

289 2629 400 2692 usum,
427 2615 463 2673 ut
484 2608 582 2693 paulo
606 2615 682 2674 ante
703 2609 845 2675 vidimus
869 2632 943 2696 pag.
970 2613 1011 2675 72
1027 2610 1061 2674 in
1077 2610 1175 2695 notis,
1193 2612 1360 2697 improbus

289 2722 344 2789 ille
379 2729 486 2788 orator
522 2724 555 2786 in
590 2723 822 2808 Aristophanis
859 2724 1010 2790 Nubibus
1043 2726 1258 2791 commendat.
1309 2727 1362 2820 §ic
1422 2713 1425 2720 ¹

290 2836 455 2901 Phaedrae
479 2857 623 2901 amorem
645 2834 805 2901 nefarium
828 2835 975 2902 defendit
997 2838 1109 2902 nutrix
1132 2839 1282 2924 exemplo
1302 2840 1361 2904 Jo-

289 2951 337 3016 vis
370 2951 534 3032 Semelen,
568 2951 712 3014 Aurorae
745 2947 926 3033 Cephalum
956 2951 1097 3014 amantis
1112 2952 1136 3033 ²,
1170 2957 1203 3016 et
1237 2953 1365 3018 Helena·

289 3065 406 3130 marito
436 3062 627 3149 persuadere
656 3043 767 3126 studet
796 3082 831 3125 se
861 3082 927 3125 non
955 3084 1014 3127 sua
1040 3062 1136 3148 culpa
1162 3063 1364 3130 commisisse

289 3178 486 3244 adulterium
510 3176 565 3242 sed
587 3174 724 3240 Veneris
754 3174 802 3254 vi,
826 3173 919 3259 cujus
952 3174 1082 3240 numini
1106 3176 1162 3262 qui
1185 3176 1364 3263 refragetur

288 3291 361 3377 ipso
387 3290 471 3356 'Jove
494 3288 635 3354 sanctior
657 3308 727 3352 esse
753 3287 833 3352 velit
849 3287 870 3349 ³.
918 3287 1008 3352 Talia
1031 3288 1065 3353 in
1087 3291 1210 3355 comico
1234 3291 1363 3376 pulpito

289 3402 365 3469 ferri
396 3409 537 3488 possunt
568 3400 724 3483 fortasse,
760 3406 797 3464 ut
830 3400 864 3463 in
904 3399 960 3465 illo
995 3401 1135 3466 Terentii
1166 3402 1237 3468 loco
1260 3402 1360 3485 (Eun.

289 3517 362 3581 Act.
390 3515 456 3599 III,
483 3536 525 3584 sc.
554 3515 607 3598 5):

336 3629 407 3693 “At
416 3649 512 3714 quem
526 3625 633 3710 deum,
647 3626 703 3710 qui
717 3626 840 3711 templa
849 3626 930 3691 coeli
942 3646 1071 3691 summo
1081 3626 1191 3691 sonitu
1201 3627 1362 3693 concutit:

335 3718 432 3827 “Ego
458 3739 633 3805 homuncio
657 3740 716 3805 hoc
739 3761 805 3804 non
828 3737 1000 3805 feceriml''

290 3856 347 3922 sed
379 3855 476 3940 plane
507 3856 667 3920 assentior
690 3856 905 3940 Aristophani
927 3855 1070 3942 graviter
1093 3855 1239 3940 culpanti
1263 3858 1364 3942 tragi-

291 3991 364 4034 cum
390 3967 444 4052 qui
469 3969 502 4030 in
525 3975 653 4033 austera
677 3989 772 4033 scena
798 3977 865 4032 tarn
883 3968 1003 4034 vilibus
1018 3967 1219 4052 argumentis
1233 3975 1362 4046 utatur3

296 4113 378 4118 .—.--
390 4111 511 4118 -—--—

324 4176 331 4206 ¹
367 4177 396 4224 ln
423 4175 562 4239 fragmento
588 4191 620 4226 ex
648 4178 756 4240 Antiope
774 4184 886 4236 servato,
910 4177 1010 4240 (Wagn.
1029 4176 1116 4238 fragm.
1133 4180 1195 4238 2133
1216 4179 1260 4227 189
1278 4179 1365 4242 Dind.)

289 4267 320 4314 cf.
339 4265 459 4314 Valcken.
478 4264 558 4315 Diatr.
575 4279 631 4328 pag.
649 4267 690 4314 82.
1279 4273 1282 4281 ⁴

284 4395 286 4401 Α
323 4353 334 4386 ²
368 4355 443 4418 Hipp.
462 4370 498 4403 va.
517 4357 565 4405 453
582 4371 634 4420 sqq.

324 4445 334 4474 ³
367 4445 457 4495 Troad.
474 4459 510 4492 vs.
528 4446 577 4493 948
592 4459 642 4508 sqq.
660 4453 686 4494 et
702 4459 739 4492 vs.
760 4444 822 4492 1042
841 4458 877 4504 sq.

940 4597 963 4635 ξ
