3222 5170
772 363 833 426 110

306 551 356 616 De
389 550 440 614 his
482 554 591 614 tamen
629 555 707 615 tunc
735 548 867 614 demum
891 565 1060 632 possemus
1087 546 1169 612 ferre
1193 565 1333 634 aequum

257 663 437 749 judicium,
473 663 502 728 si
536 663 646 728 miuus
681 661 787 748 ignari
821 681 965 727 essemus
995 660 1164 726 modorum
1189 660 1231 726 ad
1252 681 1333 746 quos

262 777 331 862 ejus
366 775 512 846 ,earmina
544 781 742 841 canerentur.
792 773 867 839 Non
903 773 991 838 enim
1012 770 1230 838 dubitandum
1252 772 1336 838 mihi

261 890 390 956 videtur
412 890 491 975 quin
517 908 559 954 ex
583 910 694 954 recens
715 886 852 954 mutatis
878 885 1007 972 legibus
1022 886 1155 952 musicis
1168 886 1335 972 explican-

261 1005 341 1069 dum
364 1002 407 1068 sit
430 1001 584 1088 quicquid
608 1000 780 1086 Euripides
805 1001 840 1065 in
863 1000 976 1065 metris
999 1000 1136 1066 molitus
1151 1005 1203 1065 est
1218 999 1295 1064 novi
1310 997 1331 1062 ¹.

265 1115 317 1182 Sic
340 1121 449 1181 antem
473 1115 608 1180 devenio
632 1114 667 1179 in
691 1120 810 1179 terram
834 1113 1030 1179 salebrosum
1055 1118 1089 1179 et
1103 1111 1334 1198 caliginosam,

263 1249 320 1311 per
342 1226 434 1312 cujus
458 1226 591 1292 semitas
614 1247 731 1310 parum
754 1224 894 1291 calcatas
918 1245 978 1310 ego
1001 1223 1142 1310 vestigia
1164 1223 1247 1290 farre
1269 1245 1336 1290 non

263 1340 411 1405 conabor.
437 1339 487 1404 De
509 1361 543 1404 re
566 1339 663 1425 longe
686 1337 918 1404 obscurissima
941 1344 1047 1404 tacere
1070 1357 1166 1423 quam
1185 1337 1336 1423 imperite

263 1452 354 1540 loqui
388 1453 490 1519 satius
528 1453 631 1536 duec,
664 1474 730 1517 non
764 1451 956 1536 difficulter,
991 1457 1030 1517 ut
1064 1472 1173 1537 spero,
1207 1451 1337 1518 veniam

264 1568 516 1654 impetraturus,
554 1567 583 1632 si
617 1588 725 1632 meum
761 1565 948 1633 tirocinium
982 1565 1151 1632 materiem
1175 1565 1337 1651 suscipere

264 1688 408 1766 veretur,
433 1680 474 1746 ad
499 1680 700 1766 quambene
724 1680 928 1747 tractandam
950 1678 1006 1744 vix
1029 1685 1062 1745 et
1085 1679 1338 1765 nevixquidem

265 1817 394 1862 summa
416 1793 553 1860 eruditio
577 1793 728 1860 sufficiat
755 1793 868 1859 Unum
878 1792 981 1858 habeo
991 1793 1078 1878 quod
1089 1793 1142 1858 bic
1157 1793 1336 1874 observem,

265 1907 519 1992 Aristophanem
553 1928 618 1971 non
651 1905 811 1972 minorem
845 1907 912 1972 aim
951 1905 1104 1972 tribuisse
1137 1904 1279 1972 musicae
1302 1903 1338 1968 in

266 2019 391 2085 nivibus
426 2020 602 2086 educandis
637 2041 734 2105 quam
759 2019 950 2103 Platonem,
975 2019 1031 2104 qui
1054 2018 1196 2104 negabat
1218 2014 1339 2081 mutari

266 2155 362 2219 posse
393 2133 533 2198 musicas
556 2132 644 2218 leges
671 2131 741 2197 sine
763 2131 945 2197 mutatione
965 2131 1077 2218 legum
1099 2129 1301 2215 publicarum
1312 2136 1335 2194 Ξ.

269 2247 356 2312 Bene
378 2247 439 2312 boc
461 2247 566 2332 liquet
587 2269 628 2312 ex
650 2244 813 2332 praeclara
836 2244 894 2311 iila
913 2244 1005 2311 dusti
1022 2243 1126 2330 λόγου
1141 2244 1286 2310 oratione
1304 2243 1339 2307 in

267 2360 412 2426 Nubium
436 2358 566 2444 fabula,
591 2359 648 2425 ubi
671 2359 756 2424 inter
767 2381 805 2425 ea
816 2359 934 2445 quibus
949 2357 1157 2444 antiquorum
1168 2357 1339 2424 bominum

268 2472 415 2540 educatio
449 2472 635 2558 praestabat
670 2471 810 2556 recenti,
847 2471 947 2536 etiam
980 2470 1106 2537 musica
1127 2469 1339 2535 severioribus

268 2586 389 2674 regulis
429 2586 585 2652 adstricta
623 2592 806 2652 recensetur
844 2583 884 2661 ἣν
925 2588 954 2650 οἱ
991 2589 1120 2671 πατέρες
1157 2581 1341 2670 παρέδωκαν

270 2701 331 2785 (vs.
370 2700 433 2764 969
469 2705 575 2786 sqq.),
598 2721 698 2785 quum
722 2700 868 2782 κάμπτειν
899 2697 968 2763 τινὰ
999 2699 1121 2780 καμπὴν
1143 2717 1208 2762 uno
1230 2701 1341 2761 tenore

269 2812 395 2878 dicatur
417 2833 492 2876 cum
514 2819 558 2898 τῷ
583 2811 874 2900 βωμολοχεύεσθαι.
917 2811 1021 2878 Unice
1043 2812 1192 2898 placebat
1218 2809 1342 2876 comico

271 2924 409 3010 simplex
433 2924 492 2988 illa
514 2925 685 2989 austeritas
717 2925 897 3009 priscorum
921 2925 1108 3008 modorum,
1133 2924 1190 3010 qui
1212 2914 1341 2994 subser—
1387 2983 1388 2986 ,

270 3038 402 3104 viebant
430 3035 611 3101 sententiae
645 3057 748 3121 neque
771 3037 872 3102 alium
897 3037 1093 3122 praebebant
1116 3057 1211 3102 usum
1244 3059 1341 3123 quam

269 3260 362 3309 stante,
388 3255 533 3312 anapaestus
559 3257 674 3312 ponatur:
701 3272 981 3319 οο-,-υο-,υ-,
1014 3249 1053 3301 cf.
1078 3249 1110 3299 G.
1135 3251 1293 3301 Hermannus
1317 3254 1342 3300 in

269 3333 331 3403 libro
348 3331 378 3379 de
394 3329 484 3378 Matris
501 3328 547 3379 Gr.
562 3335 588 3377 et
604 3329 677 3378 Rom.
693 3328 831 3378 luculenter
848 3329 878 3377 de
894 3329 1020 3393 glyconeis
1038 3330 1148 3380 numeris
1165 3331 1302 3394 disputans,
1318 3341 1343 3381 et

271 3423 319 3470 vid.
350 3419 463 3483 inprimis
487 3434 544 3483 pag.
569 3421 616 3470 231
640 3434 676 3483 sq.
714 3420 744 3468 In
771 3419 853 3468 Elem.
876 3421 963 3472 Doctr.
992 3422 1067 3470 Matr.
1091 3424 1193 3471 eandem
1217 3438 1269 3474 rem
1294 3436 1342 3476 tra·

270 3519 338 3560 ctans
362 3511 425 3559 inter
441 3509 490 3573 alia
506 3509 600 3558 scribit:
627 3509 780 3572 “Euripides
790 3524 840 3573 qno
855 3525 965 3574 quaeque
987 3513 1109 3562 recentior
1125 3522 1163 3564 est
1178 3513 1234 3576 ejus
1250 3516 1342 3565 sabula-

271 3605 356 3658 “rum,
378 3606 447 3648 tanto
467 3598 522 3662 plns
537 3597 650 3648 licentiae
670 3598 716 3646 sibi
734 3599 849 3648 indulsit·
868 3600 934 3663 (pag.
952 3601 1023 3664 523);
1040 3601 1089 3651 vid.
1107 3601 1183 3652 etiam
1200 3603 1272 3668 hujus
1288 3605 1343 3654 libri

270 3707 326 3756 nas·
344 3692 393 3741 ⁵³8
408 3705 444 3754 ss·
701 3759 703 3763 ,

305 3780 362 3832 ¹G.
386 3783 545 3831 Hermannus
570 3781 671 3845 Proieg.
697 3781 729 3830 nd
753 3782 880 3832 Hecubam
901 3797 958 3847 pag.
980 3784 1176 3849 8:,“Euripidis
1193 3783 1300 3843 numeri,
1317 3785 1344 3833 in

271 3870 465 3920 “recentioribus
489 3871 642 3934 potissimum
667 3870 812 3934 tragoediis,
837 3871 959 3935 gravitate
983 3873 1073 3923 vetaris
1094 3873 1202 3924 musicae
1220 3876 1345 3939 permira

271 3959 461 4009 “modulationis
487 3959 589 4008 artificia
612 3961 737 4020 dissoluta
761 3961 787 4010 in
810 3976 867 4012 eam
888 3962 1035 4012 varietatem
1056 3963 1216 4014 etlicentiam
1232 3965 1344 4015 diffluxe-

271 4057 346 4099 “mnt
362 4049 404 4098 ιη’·
421 4056 466 4098 etc.
485 4077 517 4086 -
533 4049 574 4101 Of.
591 4051 678 4100 Doctr.
694 4051 770 4100 Matr.
786 4066 846 4115 pag.
864 4053 911 4104 12³
927 4067 963 4117 sq.

294 4138 315 4192 ,²
331 4138 395 4188 Plan.
421 4139 485 4201 Rep.
507 4137 556 4198 IV,
580 4153 638 4202 pag.
664 4140 712 4190 424
733 4139 765 4192 O:
787 4141 851 4199 εἶδος
867 4143 916 4208 γὰρ
935 4145 1024 4193 ιιοινόν
1039 4149 1160 4207 μουσικῆς
1176 4145 1346 4209 μεταβάλλειν

273 4227 437 4292 εὐλαβητέον,
462 4227 496 4285 ὡς
513 4228 548 4276 ’ἐν
573 4227 625 4292 ὅλῳ
651 4228 843 4280 κινδυνεύοντα·
870 4229 983 4296 οὐδαμοῦ
1008 4233 1057 4298 γὰρ
1083 4235 1211 4282 κινοῦνται
1227 4238 1345 4298 μουσικῆς

272 4320 362 4383 τρόποι
378 4319 438 4368 ἄνευ
455 4318 592 4367 πολιτικῶν
608 4319 692 4382 νόμων
709 4323 761 4369 τῶν
775 4320 908 4385 μεγίστων,
931 4321 965 4378 ὥς
982 4331 1040 4386 φησι
1056 4322 1150 4387 Δάμων
1165 4325 1207 4373 καὶ
1224 4324 1271 4388 ἐγω
1290 4323 1346 4386 (So-

272 4409 359 4470 crates)
378 4407 502 4471 πείθομαι.
