3222 5170
795 379 889 440 93·

276 589 348 634 mus
388 565 618 650 Dicacopolin,
650 563 799 649 equidem
835 583 900 627 nou
933 562 1038 628 ausim
1075 563 1251 642 affirmarc3
1291 563 1348 630 sed

276 690 313 747 ut
349 681 533 746 dramatum
565 676 806 762 deperditorum
840 676 954 742 heroas
990 677 1180 760 mittamus,
1211 699 1347 763 quorum

274 925 433 993 imperfecta,
449 929 482 977 da
497 926 561 976 mihi
576 928 666 985 etiam,
683 941 731 991 quo
747 933 822 990 caput
838 927 971 988 instruam
988 929 1098 993 Mysiam
1121 930 1248 993 pileolum.
1281 930 1348 979 Nam

275 1019 366 1070 “hodie
381 1023 480 1082 oportet
495 1031 537 1066 me
553 1017 661 1066 mendici
677 1017 785 1079 speciem
802 1031 903 1081 gerere;
919 1031 973 1068 esse
989 1019 1091 1082 quidem
1107 1019 1151 1083 qui
1167 1034 1234 1078 sum,
1246 1021 1288 1068 sed
1298 1033 1348 1068 non

275 1107 382 1167 videri'';
407 1114 555 1170 spectatores
578 1106 680 1170 quidem
702 1106 764 1155 scire
788 1107 832 1170 qui
853 1107 913 1164 sim,
930 1107 972 1156 scd
987 1106 1115 1157 chorentas
1132 1107 1235 1158 stolidos
1251 1109 1348 1158 adstare

259 1187 300 1246 'et
315 1213 331 1246 a
346 1211 387 1246 mc
402 1195 495 1246 dcludi.

309 1288 373 1336 ilar.
400 1285 473 1336 Dabo
490 1284 549 1339 tibi,
566 1283 764 1348 qnandoquidem
780 1293 880 1334 versuta
898 1293 982 1336 mento
999 1285 1099 1336 subtilia
1114 1285 1270 1336 machinaris.

308 1381 367 1429 Dio.
400 1379 459 1428 Non
475 1377 598 1427 minorem
615 1376 662 1424 tibi
678 1383 738 1439 opto
753 1374 897 1425 felicitatem
918 1391 991 1440 quam
1008 1375 1098 1440 obtigit
1114 1375 1234 1439 Telepho.
1266 1376 1347 1439 Euge,

272 1467 325 1530 jam
341 1469 452 1517 redundo
469 1465 564 1515 voculis
580 1464 655 1529 aptis.
688 1464 738 1516 Sed
754 1478 816 1528 egeo
832 1465 911 1514 baculi
926 1465 1024 1529 qualem
1040 1471 1127 1516 tenent
1142 1465 1319 1514 mendicantes.

307 1558 372 1606 Eitr.
400 1558 441 1606 En
457 1556 541 1618 accipe
557 1561 583 1604 et
599 1553 669 1604 aufer
686 1562 711 1603 te
728 1569 744 1602 a
759 1554 864 1618 lapideis
880 1555 1000 1619 postibus.

307 1646 367 1695 Dic.
400 1644 423 1696 0
439 1643 550 1704 anime·*,
566 1643 650 1693 viden'
667 1649 696 1692 ut
714 1643 817 1694 aedibus
834 1646 966 1713 extrudar,
982 1645 1076 1694 multae
1090 1643 1171 1693 adhuc
1187 1642 1347 1707 supellectilis

273 1737 378 1797 expers?
410 1734 485 1783 Nunc
508 1747 569 1796 opus
595 1733 643 1782 erit
667 1732 803 1796 pertinacia
830 1741 855 1782 et
877 1733 1038 1798 impudentia.
1072 1733 1219 1797 Euripides,
1235 1734 1267 1782 da
1285 1730 1346 1781 mihi

274 1824 407 1889 sportulam
424 1829 551 1887 perustam
567 1822 667 1872 flamma
683 1823 809 1874 lucernae.

308 1914 373 1962 Iuor.
399 1912 462 1974 Quis
478 1926 551 1970 vero,
566 1911 691 1975 improbe,
708 1913 835 1976 sportulae
850 1913 895 1962 tibi
911 1928 969 1962 usus
986 1913 1049 1962 erit?

307 2003 366 2052 Dio.
398 1989 502 2062 Nullus,
519 2003 562 2051 sed
578 2009 663 2052 tamen
678 2003 769 2052 habere
786 2002 851 2053 volo.

305 2091 373 2141 Bar.
400 2090 535 2140 Molestum
552 2104 607 2141 csse
622 2099 648 2140 te
666 2091 735 2140 scito,
768 2091 829 2141 Abi.
854 2151 862 2172 ι

307 2182 367 2232 Dio.
399 2180 468 2243 Plry!
486 2179 545 2230 Sors
560 2187 603 2229 tna
619 2187 670 2230 tam
685 2180 758 2230 beata
773 2179 806 2229 sit
821 2195 896 2244 quam
912 2181 973 2230 olim
989 2182 1077 2230 matris
1093 2190 1160 2234 tuac.

307 2270 371 2321 llum,
398 2271 472 2320 Nunc
487 2271 586 2334 proripe
601 2277 635 2320 te.

306 2361 366 2410 Dio.
399 2361 448 2412 Sed
464 2359 528 2410 adde
543 2359 570 2409 id
585 2375 676 2410 unum:
693 2360 811 2424 pocsslum
828 2373 873 2409 ora
888 2358 1001 2410 defracta.

307 2451 371 2502 Eur.
399 2451 450 2500 Abi
466 2450 493 2499 in
508 2449 600 2498 malam
616 2463 669 2498 rem
685 2463 742 2498 cum
758 2449 861 2512 poci110;
877 2449 978 2513 negotia
988 2450 1052 2499 mihi
1060 2450 1274 2501 facessisiudomo
1283 2465 1345 2503 moa.

261 2595 263 2600 ,
307 2540 366 2591 Dte.
399 2543 438 2590 At
453 2539 531 2590 nescis
547 2538 696 2602 perJorcm
713 2545 833 2602 qnantum
847 2538 901 2602 ipse
917 2539 978 2588 mali
994 2539 1077 2589 facias.
1094 2566 1125 2578 -
1138 2541 1346 2592 OmcllitaEuri-

273 2630 349 2693 pidcs,
364 2627 412 2681 hoc
427 2645 505 2679 unum
521 2628 602 2678 adhuc
617 2628 649 2678 da
665 2628 737 2689 mihi,
751 2627 852 2678 ollulam
870 2629 976 2693 spongia
991 2629 1136 2680 obturatam.

309 2718 372 2767 mer.
399 2718 457 2767 Vae
471 2717 543 2775 mihi,
558 2717 681 2781 integram
697 2717 852 2782 tragoediam
868 2717 931 2766 mihi
946 2717 1028 2769 tolles!
1046 2719 1124 2770 Sume
1140 2719 1240 2770 ollulam
1256 2725 1283 2769 et
1297 2719 1345 2770 abi.
1378 2727 1380 2732 '

306 2809 366 2858 Dic.
386 2807 460 2859 fram
484 2807 554 2857 abeo.
586 2807 741 2872 Quamquam
762 2808 821 2872 quid
838 2813 927 2872 agam?
942 2824 1001 2859 nam
1017 2810 1110 2875 aliquid
1124 2811 1266 2861 etiamnunc
1282 2812 1345 2862 dasi-

273 2898 344 2958 dem,
369 2899 434 2962 quod
458 2896 506 2947 nisi
529 2912 664 2963 consequar
685 2899 760 2964 perii3
781 2898 906 2958 ausculta,
926 2899 1053 2949 omollite
1068 2901 1213 2967 Euripidem
1229 2903 1276 2951 hoc
1292 2910 1346 2951 tan·

272 2990 399 3038 tummodo
423 2987 445 3036 si
465 2987 646 3051 impetravero,
662 2987 734 3038 abibo
750 3003 800 3038 non
820 2987 957 3037 rediturus:
974 2987 1002 3036 in
1018 2988 1152 3052 sportulam
1168 3004 1259 3053 quaeso
1275 2991 1345 3040 iudas

272 3078 386 3128 nonnihil
401 3079 476 3128 oleris
491 3079 593 3129 flaccidi.

305 3169 370 3218 Bur.
393 3169 487 3218 Perdes
503 3183 551 3218 mc.
584 3168 624 3217 En
643 3167 700 3217 tibi:
717 3168 773 3219 vale
789 3169 928 3233 tragoedia!

306 3259 365 3307 Dio.
398 3257 469 3308 Nihil
484 3259 603 3323 amplius,
619 3259 693 3316 abeo.
710 3274 768 3308 nam
785 3273 945 3309 reveratum
965 3259 1040 3308 nimis
1056 3259 1185 3319 molestus,
1203 3264 1264 3309 “nec
1285 3261 1344 3310 satis

272 3348 347 3396 timco
371 3345 493 3397 offendere
519 3345 668 3411 principes.”
696 3373 729 3383 -
749 3349 788 3398 At
804 3348 868 3398 eheu
884 3355 966 3400 actum
983 3349 1067 3398 estde
1083 3363 1137 3408 me,
1153 3350 1248 3398 uamid
1264 3364 1343 3413 aquo

271 3436 353 3486 omnia
373 3439 482 3501 pandant
498 3436 580 3486 omisi.
614 3435 637 3486 Ο
653 3435 845 3486 mellitissimum
862 3437 990 3488 corculum
1011 3437 1155 3501 Euripides,
1176 3439 1281 3502 passima
1297 3439 1343 3488 dis·

271 3538 371 3588 parcam
396 3525 417 3574 ei
442 3525 501 3589 quid
526 3540 583 3574 sum
606 3525 706 3589 insuper
730 3524 863 3589 petiturus,
880 3531 980 3589 praetor
1001 3526 1027 3575 id
1041 3541 1130 3585 unum,
1147 3527 1172 3575 id
1188 3527 1287 3577 unicum
1305 3542 1342 3577 so·

270 3614 383 3679 lamque:
401 3617 433 3663 da
448 3612 511 3663 mihi
526 3613 623 3663 caulem
639 3627 654 3663 a
669 3612 757 3662 matris
773 3619 831 3662 tuae
847 3611 1007 3664 haereditate.

303 3704 367 3754 mer.
397 3703 504 3753 Insultat
520 3701 581 3752 mihi
598 3702 684 3750 homo:
701 3700 801 3751 occlude
816 3701 902 3751 valvas
918 3702 1025 3753 aedium.

304 3794 362 3845 Dic.
396 3793 531 3852 Oanime,
547 3793 600 3842 sinc
617 3793 688 3842 caule
704 3792 843 3842 abeundum
860 3800 905 3842 est.

303 4039 444 4102 Wagucrus
459 4037 486 4086 in
503 4037 700 4102 fragmentorum
716 4039 908 4106 Euripideorum
924 4040 1031 4091 editione
1046 4056 1081 4104 ex
1097 4041 1143 4090 lroc
1161 4042 1215 4092 loco
1234 4041 1341 4109 collegit,

271 4129 410 4192 Telephum
434 4128 599 4193 Euripideum
621 4144 709 4181 reram
729 4131 837 4195 gessisse
853 4131 979 4182 corbulam
996 4132 1152 4192 semiustam,
1168 4131 1277 4197 phialam
1294 4148 1341 4183 non

270 4219 407 4283 integram,
430 4219 505 4268 ollam
527 4220 630 4284 spongia
651 4221 705 4271 vice
721 4222 830 4285 operculi
846 4222 967 4283 clansam,
984 4228 1009 4272 et
1024 4222 1052 4270 in
1066 4222 1169 4272 corbula
1184 4204 1238 4272 clus
1254 4223 1341 4272 marci·

270 4309 336 4357 dnm.
364 4309 415 4358 Sed
431 4309 514 4359 nascio
529 4325 562 4360 an
578 4318 685 4375 praestet
699 4327 749 4362 non
764 4314 826 4362 adeo
843 4313 925 4362 verbis
941 4313 1030 4362 comici
1046 4312 1169 4364 insistere.

303 4420 317 4448 *
334 4423 353 4470 al
370 4421 438 4486 θυμέ.
464 4431 523 4470 conr.
535 4431 606 4476 naut
619 4441 651 4471 vs.
664 4431 727 4479 uas,
741 4432 842 4478 narrum
854 4433 909 4470 inter
921 4432 973 4472 mos
985 4433 1039 4472 ιοοοι
1051 4434 1144 4479 upnmn
1156 4435 1211 4474 aar.
1226 4445 1247 4475 v.
1261 4438 1317 4477 mar.
