3222 5170
788 403 848 464 122

322 585 386 648 Vix
419 584 483 648 alia
513 585 675 651 sententia
706 586 896 654 audiebatur
929 609 966 652 eo
993 593 1145 673 tempore.
1194 587 1352 652 Nostrum

276 720 350 763 vero
376 699 558 782 saeculum,
587 705 625 764 nt
641 701 675 763 in
690 700 764 766 aliis
787 701 992 785 disciplinis,
1019 702 1065 766 sic
1087 702 1185 766 etiam
1206 700 1241 765 in
1265 702 1352 766 anti-

276 834 411 897 quarum
433 810 600 877 literarum
624 814 732 878 studio
758 813 879 880 multas
899 821 1022 880 veteres
1040 814 1208 899 opiniones
1231 813 1354 878 delevit

275 932 308 989 et
338 946 452 990 novas·
465 923 604 1008 protulit
632 925 666 989 in
701 925 822 1010 lucem,
855 926 1015 1010 prioribus
1050 948 1145 1012 saepe
1172 949 1189 991 e
1221 925 1353 1010 regione

275 1036 449 1122 oppositas.
479 1037 527 1101 De
548 1036 705 1122 Euripide
728 1058 855 1122 quoque
871 1039 1011 1104 subnata
1033 1044 1111 1104 sunt
1120 1038 1246 1123 judicia
1260 1061 1352 1124 pror-

275 1169 329 1213 sus
353 1149 497 1231 diversa,
520 1170 616 1234 quem
636 1170 736 1234 quum
760 1155 856 1215 antea
880 1150 950 1214 sine
971 1150 1123 1236 epithetis
1138 1153 1352 1216 reverentiam

273 1261 582 1346 admirationemque
606 1262 802 1328 testantibus
826 1263 989 1348 appellare
1012 1264 1103 1329 nefas
1119 1268 1204 1330 esset
1225 1265 1350 1347 visum,

273 1373 449 1440 recentiore
473 1381 617 1458 tempore
639 1375 700 1439 viri
726 1375 813 1440 docti
838 1376 1000 1460 despicere
1026 1382 1059 1442 et
1079 1377 1264 1443 conculcare
1279 1399 1351 1443 coe-

273 1495 409 1576 perunt,
442 1489 477 1552 in
508 1510 570 1573 quo
593 1488 675 1554 alter
699 1510 794 1574 saepe
817 1488 999 1554 aemulatus
1023 1497 1073 1554 est
1096 1491 1207 1555 alteri:
1236 1491 1351 1566 πάντες

273 1599 397 1689 ipsios
429 1606 472 1677 εἰς
504 1600 723 1688 Ὑπέρβολον.
769 1601 798 1665 Ε
833 1600 947 1667 multis
982 1603 1168 1669 nominasse
1209 1605 1351 1670 sufficiat

275 1715 493 1800 Sohlegelium
511 1718 543 1799 ¹,
579 1714 807 1795 Wielandum,
841 1713 1030 1779 Bunsenum
1045 1717 1076 1798 2,
1116 1716 1301 1802 Gruppium
1317 1726 1348 1801 ³,

273 1851 331 1894 neo
362 1829 467 1894 multo
499 1830 550 1895 his
585 1829 826 1896 clementiorem
854 1828 894 1893 G.
928 1828 1173 1912 Hemanuum,
1210 1831 1267 1916 qni
1297 1832 1350 1896 vel

272 1964 371 2007 unam
406 1943 445 2007 de
479 1942 647 2027 Sophoclis
683 1944 859 2030 deperditis
895 1943 1014 2009 fabulis
1048 1965 1112 2012 non
1147 1945 1246 2010 nimis
1277 1968 1349 2011 care

273 2057 450 2120 redemtam
481 2055 549 2120 fore
579 2063 767 2121 cunctarum
793 2055 1042 2140 Euripidearum
1059 2055 1203 2141 jactura,
1228 2058 1349 2124 alicubi

272 2170 475 2252 autumavit,
499 2170 562 2235 etsi
585 2170 717 2236 Goethii
742 2169 946 2256 Iphigeniam
970 2191 1043 2235 oum
1061 2170 1238 2255 Euripidea
1259 2194 1347 2237 oom-

272 2303 390 2365 parans
413 2289 573 2347 recentem
596 2281 748 2367 antiquae
770 2282 953 2368 tragoediae
973 2282 1084 2348 cedere
1099 2284 1228 2348 censuit
1242 2295 1267 2367 ⁴,
1289 2307 1348 2370 pa-

272 2381 428 2482 rilemque
462 2394 657 2463 senteutiam
691 2395 769 2461 tulit
804 2397 843 2461 de
880 2395 1054 2480 Sohlegelii
1077 2396 1223 2462 dramate
1248 2399 1345 2480 Ione,

271 2532 346 2574 cum
381 2507 548 2594 Euripidis
571 2507 683 2573 fabula
707 2508 852 2593 ejusdem
874 2506 1015 2572 nominis
1040 2508 1166 2574 collato
1219 2510 1346 2596 Nempe

271 2624 357 2689 idem
388 2621 552 2689 faciehant
573 2622 608 2685 hi
630 2622 732 2687 severi
751 2620 877 2705 judices
898 2621 985 2706 quod
1007 2621 1126 2688 fecerat
1149 2623 1346 2709 Aristopha-

271 2761 346 2803 nes:
371 2737 413 2801 ad
435 2756 581 2801 normam
606 2755 718 2801 scenae
741 2734 939 2818 Aeschyleae
956 2735 1215 2821 Sophocleaeque
1235 2737 1346 2822 exige-

270 2852 351 2916 bant
382 2847 548 2932 Euripidis
583 2849 748 2930 dramata,
783 2846 1003 2932 improbantes
1035 2854 1067 2912 et
1091 2849 1345 2916 condemnantes

270 2963 423 3050 quicquid
454 2962 495 3027 ad
530 2983 602 3026 earn
635 2981 700 3024 non
735 2959 907 3045 quadraret
936 2965 970 3024 et
1003 2959 1053 3024 vel
1089 2949 1232 3048 digitum
1269 2963 1346 3028 inde

270 3076 455 3141 discederet.
492 3072 569 3138 Mox
592 3073 722 3157 aequior
745 3079 854 3136 tamen
881 3094 991 3138 rursus
1015 3074 1157 3139 invaluit
1174 3075 1346 3160 judicandi

269 3189 370 3265 ratio,
415 3207 513 3272 quam
539 3185 608 3269 jam
646 3185 885 3250 commendarat
921 3185 1131 3272 Lessingius,
1167 3198 1344 3274 praeeunte

238 3319 241 3326 ·
271 3299 421 3381 Goethio,
458 3317 593 3382 quorum
625 3295 765 3380 agminis
797 3297 900 3362 instar
931 3303 1073 3384 uterque.
1125 3301 1209 3380 Quin
1233 3301 1346 3366 extitit

271 3411 444 3485 Barnesius
478 3409 576 3491 alter,
611 3408 834 3494 Hartungius‚
859 3410 913 3494 qui
934 3411 1057 3477 scilicet
1076 3414 1254 3493 “‘restituit
1275 3416 1344 3480 Eu-

269 3526 428 3611 ripidem’'
444 3525 473 3606 ³,
501 3522 584 3588 nihil
607 3543 672 3586 non
696 3524 729 3585 in
753 3541 791 3586 eo
813 3523 916 3586 nitere
943 3523 1149 3590 contendens.
1186 3527 1260 3592 Non
1285 3529 1343 3594 ab·

269 3639 391 3705 similia
403 3643 481 3702 sunt
495 3635 603 3700 studia
624 3634 786 3720 Pflugkii‚
803 3637 859 3720 qui
879 3636 913 3700 in
935 3659 993 3702 sua
1012 3638 1179 3722 Euripidis
1200 3641 1344 3706 edit-ione

268 3751 391 3838 passim
412 3749 571 3833 tragicum
591 3755 704 3813 contra
736 3749 893 3814 comicum
916 3752 1157 3835 antagonistam
1183 3753 1339 3818 defendit.

302 4014 309 4045 ¹
326 4013 360 4063 Δ.
377 4013 419 4062 W.
435 4026 483 4060 von
500 4011 621 4074 Schlegel‚
637 4011 810 4073 Vorlesungeu
828 4010 886 4058 uber
903 4011 1006 4058 dramat.
1019 4009 1107 4060 'Kunst
1124 4015 1173 4061 und
1192 4013 1342 4062 Litterstur.

267 4104 326 4154 Vid.
343 4101 455 4164 inprimis
470 4107 543 4164 eaput
559 4102 593 4160 V,
611 4101 723 4149 editionis
739 4096 782 4148 alt.
799 4114 856 4161 pag.
876 4100 1010 4150 rea-268.

299 4192 309 4224 ²
326 4194 357 4242 In
374 4205 449 4253 opere
465 4191 542 4240 “Gott
559 4191 583 4238 in
600 4192 643 4238 der
661 4188 832 4240 Gesohichte.”

299 4280 309 4312 ³
327 4281 357 4328 ln
374 4279 488 4328 Ariadne
504 4278 604 4341 passim.

300 4370 309 4400 ⁴
326 4369 385 4417 vid.
403 4368 497 4430 proleg.
515 4369 545 4415 ad
562 4365 646 4429 Iphig.
662 4366 800 4414 Tauricam.

300 4457 310 4488 ⁵
327 4457 344 4506 J
349 4493 354 4503 .
373 4458 405 4504 Α.
424 4457 551 4516 Hartung,
568 4454 698 4516 Euripides
715 4455 854 4510 restitutus,
872 4454 962 4502 Hamh.
981 4456 1049 4503 1843.
