3216 5154
708 457 711 471 ,
796 387 839 450 ιιι

283 570 469 652 inventum,
499 570 588 655 quod
619 569 766 636 Nubium
798 593 844 637 vs.
874 573 1048 636 irc-179
1073 575 1361 651 commemoratur,

282 683 523 767 quodammodo
546 685 610 750 huc
632 684 795 770 pertinere
819 686 967 767 videtur,
985 690 1018 750 et
1033 682 1187 749 similiter
1204 681 1362 768 Equitum

283 794 372 860 locus
404 796 459 861 ubi
491 796 659 864 Phaedrae
689 799 886 885 Euripideae
919 799 1042 864 ridetur
1076 802 1245 863 versutum
1271 796 1363 881 inge·
1449 829 1451 834 ·

283 907 374 972 nium
391 909 411 974 ¹.
460 910 863 996 Thesmophoriaausarum
898 921 1009 977 autem
1043 912 1146 977 altera
1185 931 1260 996 pars
1295 916 1365 974 tota

282 1027 332 1086 est
363 1023 545 1107 composita
575 1024 617 1089 ad
646 1024 849 1091 illudendam
879 1025 1087 1090 inventorum
1112 1022 1362 1108 Euripideorum

282 1135 457 1219 astutiam,
493 1158 593 1222 quum
626 1138 661 1203 in
686 1139 792 1224 priore
814 1145 966 1204 notatum
993 1144 1078 1204 esset
1100 1137 1169 1222 ejus
1194 1135 1306 1202 odium
1329 1133 1362 1200 iu

282 1248 434 1315 mulieres
457 1250 497 1317 de
523 1272 587 1337 quo
608 1253 781 1337 postmodo
804 1273 1013 1338 exponemus.

328 1362 436 1448 Hujus
463 1364 565 1450 igitur
588 1366 719 1434 fabulae
745 1374 976 1452 argumentum
996 1365 1058 1431 hoc
1081 1372 1147 1431 est:
1174 1363 1361 1449 Euripiden,

281 1483 446 1560 comperto
478 1477 649 1561 mulieres,
680 1501 759 1565 quas
790 1479 913 1546 acerbis
938 1478 1034 1545 dictis
1058 1477 1093 1542 in
1116 1477 1291 1562 tragoediis
1315 1476 1363 1542 la-

187 1597 189 1602 '
281 1589 472 1674 cessiverat,
498 1592 538 1657 de
562 1613 599 1658 eo
623 1614 693 1659 esse
715 1601 843 1660 acturas
867 1593 901 1658 in
926 1590 1202 1676 Thesmophorion
1215 1591 1363 1674 concilio,

282 1703 520 1769 Mnesilochum
554 1727 650 1772 suum
682 1705 862 1784 κηδεστὴνς
890 1706 997 1772 mittit
1019 1705 1075 1792 qui
1098 1705 1250 1770 muliebri
1274 1713 1363 1770 veste

281 1817 416 1883 indutus
451 1818 492 1884 iis
526 1841 561 1884 se
591 1821 775 1886 immisceat
805 1827 839 1884 et
870 1841 929 1905 pro
952 1818 1109 1904 Euripide
1131 1818 1230 1884 verba
1252 1817 1359 1884 faciat.

282 1930 361 1995 Mox
395 1954 469 1997 vero
501 1932 665 2018 detegitur
695 1933 785 1998 fraus
819 1939 852 1998 et
885 1934 925 1998 ab
960 1933 1052 1998 iratis
1087 1931 1219 1998 feminis
1253 1932 1362 2017 oppri-

281 2046 390 2112 mitur.
439 2047 515 2111 Non
538 2047 713 2131 desperans
738 2054 849 2111 tamen
873 2046 1113 2130 Mnesilochus,
1143 2046 1239 2112 rebus
1268 2067 1362 2130 aspe-

281 2161 325 2225 ris
356 2161 518 2226 medelam
551 2162 686 2248 quaerit.
737 2161 801 2228 Sed
833 2162 940 2248 ipsum
972 2162 1144 2228 audiamus
1175 2161 1361 2247 loquentem

282 2277 344 2360 (vs.
370 2277 435 2340 768
458 2276 563 2364 sqq.):

795 2391 853 2457 τίν’
875 2391 934 2457 οὖν
956 2391 996 2456 ἂν
1017 2390 1160 2477 ἄγγελον

402 2497 549 2580 πέμψαιμ’
572 2497 617 2560 ἐπ’
640 2499 750 2568 αὐτάν;
773 2493 833 2563 οἶδ’
856 2500 918 2584 ἐγὼ
941 2501 988 2561 καὶ
1011 2492 1049 2572 δὴ
1071 2498 1174 2582 πόρον

402 2604 433 2666 ἐκ
453 2609 510 2667 τοῦ
533 2599 759 2685 Παλαμήδους·
782 2606 826 2678 ὡς
848 2606 964 2678 ἐκεῖνος
984 2603 1042 2676 τὰς
1063 2601 1189 2674 πλάτας

399 2705 484 2792 ῥίψω
506 2707 649 2794 γράφων·
674 2706 748 2772 ἀλλ’
771 2709 808 2773 οὐ
830 2709 973 2795 πάρεισιν
995 2708 1025 2771 αἱ
1046 2705 1182 2771 πλάταιο·

401 2811 500 2878 πάθεν
522 2811 580 2878 οὖν
602 2812 737 2898 γένοιντ’
760 2812 798 2877 ἂν
821 2810 923 2898 edili,
945 2810 1076 2881 πλάται;
1099 2809 1213 2881 aridem

400 2921 429 2981 ri
451 2913 477 2982 δ’
499 2917 549 2990 riv,
571 2920 594 2982 εἰ
615 2913 685 2982 rudi
706 2915 880 3002 τάγάλματ’
903 2917 970 2984 ἀντὶ
993 2919 1055 2980 τῶν
1077 2912 1208 2981 πλατῶν
1286 3003 1288 3009 γ

401 3023 534 3108 γράφων
557 3018 784 3108 διαρρίπτοιμις
805 3019 938 3105 βέλτιον
959 3019 1054 3087 πολύ·

403 3125 503 3199 ξάλον
524 3128 562 3212 γε’
580 3153 629 3191 τοι
651 3131 700 3190 καὶ
721 3131 816 3190 ταῦτα
838 3125 949 3191 κάκεῖν’
969 3129 1008 3202 ἦν
1031 3122 1141 3198 ξάλον.

521 3230 545 3297 ὦ
568 3238 671 3318 χεῖρες
694 3233 776 3312 ἐμαί,

522 3336 673 3424 ἐγχειρεῖν
695 3338 779 3420 χρῆν
801 3333 884 3420 ἔργῳ
906 3338 1041 3420 πορίμῳ·

430 3477 433 3484 s
521 3438 576 3524 άγε
600 3435 637 3517 δὴ
658 3439 799 3508 πινάκων
823 3435 941 3510 ξεστῶν
964 3435 1081 3511 δέλτοι,

308 3630 315 3661 ¹
350 3629 469 3694 Equitum
487 3641 523 3675 vs.
543 3629 573 3678 16
589 3642 640 3694 sqq.
660 3627 700 3688 (cl.
718 3629 777 3678 Eur.
798 3627 873 3691 Hipp.
892 3643 928 3677 vs.
945 3631 1018 3692 aeti:

472 3718 544 3766 Dect.
579 3723 634 3776 πῶς
651 3717 684 3765 ἂν
702 3717 733 3765 σά
750 3737 791 3782 μοι
809 3716 906 3777 λέξειας
923 3717 970 3783 ἁμὲ
987 3720 1036 3784 χρὴ
1053 3720 1148 3785 λὲγιιν;

471 3808 529 3857 Nic.
580 3805 637 3858 ἀλλ’
655 3807 700 3855 οὐκ
716 3808 753 3855 ἔνι
769 3824 812 3870 μοι
829 3807 858 3856 τὸ
875 3805 967 3872 θρέττε.
985 3813 1040 3867 πῶς
1058 3810 1091 3859 ἂν
1107 3811 1153 3859 οὖν
1170 3830 1232 3860 ποτε

582 3893 674 3959 εἴποιμ’
693 3895 727 3944 ἂν
743 3895 805 3944 αὐτὸ
823 3894 887 3955 δῆτα
904 3895 1120 3962 καμψινριπιιιῶςς

472 3987 545 4034 Dent.
579 3985 614 4049 μὴ
630 3985 673 4049 μοί
690 4003 731 4049 γε,
748 3984 782 4049 μὴ
798 4003 856 4048 μοι,
874 3987 908 4048 μὴ
926 3985 1137 4053 διασκανδικίσῃς.

308 4077 318 4108 ²
352 4077 379 4127 Si
405 4077 465 4126 fides
490 4077 602 4126 habenda
627 4075 698 4125 alteri
721 4074 859 4139 biographo
875 4075 901 4123 in
918 4075 998 4126 Dind.
1015 4077 1122 4127 editione
1139 4087 1164 4128 et
1181 4080 1285 4140 Snidae,
1303 4094 1357 4134 erat

275 4177 345 4231 pater
370 4169 458 4231 prioris
483 4167 569 4217 uxoris
593 4167 736 4230 Euripidis,
753 4167 794 4215 cui
811 4166 944 4218 choerilae
961 4181 1058 4217 noman.
1092 4170 1192 4219 Primus
1209 4173 1356 4238 biographus

273 4258 406 4309 Choerilen
430 4257 593 4320 posteriorem
619 4257 747 4320 Euripidis
771 4271 877 4306 uxorem
893 4255 967 4306 fuisse
983 4257 1057 4316 dicim
1074 4260 1254 4311 Mnesilochum
1272 4274 1355 4316 auteur

274 4349 486 4414 ανμπεποιηκέναι
509 4349 544 4410 (in
566 4347 654 4397 fabulis
674 4347 860 4410 componendis)
879 4347 1005 4411 Euripidi,
1022 4349 1100 4398 citans
1117 4351 1252 4402 Teiaclidis
1270 4369 1354 4408 versus

271 4440 323 4508 jcru
343 4455 417 4505 supra
434 4440 519 4488 allatos
536 4453 592 4502 pag.
613 4440 642 4486 16
659 4439 716 4486 adu,
734 4438 756 4485 l.
