3222 5170
780 586 838 654 VI.

309 727 473 812 Aristoph.
500 727 560 792 Av.
586 751 632 792 VS.
658 731 723 794 416
748 750 804 813 pro
828 720 1348 816 vre‘pa,'qu0dni11i1e'st,emen-

263 841 358 906 detur
380 845 482 928 τέρας·

767 984 844 1050 VII.

308 1146 475 1232 Aristoph.
509 1147 589 1212 Ran.
617 1169 662 1213 vs.
692 1150 775 1213 1301
801 1146 974 1237 πορνιδίων
998 1150 1128 1216 videtur
1152 1115 1349 1230 mutandum

263 1260 297 1324 in
321 1263 443 1346 πόρνης
465 1256 563 1335 δίκην·

752 1388 849 1454 VIII.

307 1551 407 1636 Apud
430 1550 582 1616 Flavium
605 1551 674 1617 Ios.
700 1551 847 1634 XVIII,
874 1557 911 1633 4,
937 1555 979 1617 30
1004 1556 1053 1619 ἐπὶ
1077 1555 1221 1642 Πανλίνῃ
1238 1556 1347 1620 *corri-

262 1665 406 1751 gendum
430 1671 481 1731 est
504 1665 538 1730 in
564 1669 611 1733 ἐπὶ
633 1665 748 1752 παύλῃ.

776 1845 838 1910 ΙΧ.

307 1996 442 2061 Luciani
479 1995 548 2078 III,
579 1999 599 2058 4
629 2016 647 2059 e
672 2001 764 2060 textu
788 1995 959 2080 ejiciantur
983 1998 1081 2065 verba
1102 2004 1158 2062 ποῦ
1186 1997 1265 2085 βίον
1291 2008 1347 2065 τοῦ

240 2146 243 2157 ·
262 2109 413 2196 πρόσθεν.

782 2262 824 2326 X.

305 2413 382 2478 Luc.
407 2411 513 2495 VIII,
539 2414 601 2491 20,
629 2414 666 2474 ll
693 2411 790 2475 verba
813 2414 872 2498 ὁρᾷ
903 2408 934 2476 δὲ
966 2408 1066 2486 ἡδέως
1095 2418 1143 2476 καὶ
1179 2410 1347 2498 γλαφυρόν
1378 2433 1381 2442 “

260 2553 288 2590 τι
319 2531 368 2590 καὶ
400 2528 615 2614 προςαγωγὸν
645 2521 830 2607 ἐμειδίασεν,
863 2546 961 2590 sensu
984 2546 1094 2609 cassa,
1122 2523 1168 2590 sie
1192 2525 1346 2591 videntur

260 2638 465 2724 refingenda:
501 2641 599 2724 ὡραία
633 2634 664 2703 δὲ
696 2634 763 2712 ἥδε,
796 2643 844 2704 καὶ
878 2640 922 2714 ὡς
952 2637 1120 2724 γλαφυρόν
1146 2667 1175 2704 τι
1211 2644 1257 2704 καὶ
1292 2669 1345 2726 πρ.

260 2749 442 2834 ἐμειδίασενῐ

771 2892 831 2956 XI.

305 3055 381 3120 Luc.
408 3055 514 3138 VIII,
540 3059 599 3138 21,
628 3060 640 3119 l
668 3076 727 3141 pro
751 3060 831 3138 ὁμοῦ
853 3051 883 3121 δὲ
905 3058 969 3119 τῶν
988 3057 1152 3119 τοσούτων
1163 3055 1345 3142 ὑπερφέρειν

259 3169 401 3252 legatur:
427 3173 505 3250 ὁμοῦ
528 3167 559 3235 δὲ
581 3171 684 3233 ὄντων
705 3173 863 3233 τοσοῦτον
884 3167 1077 3254 ὑπερφέρειν·

762 3345 841 3410 XIL

303 3490 378 3554 Luc.
405 3488 511 3570 XIX,
540 3491 553 3550 l
581 3485 679 3551 Verba
703 3483 840 3570 εὔφημον
861 3487 917 3566 μὲν
939 3484 1116 3552 καὶτοῦτο,
1137 3481 1346 3566 οὗκένκαιρῴ

259 3601 289 3669 δὲ
312 3602 356 3678 ὡξ
378 3605 415 3667 οὐ
438 3602 513 3666 κατὰ
535 3596 592 3675 τὴν
614 3602 653 3665 ἕω
674 3595 803 3682 virgula
825 3594 938 3660 critica
961 3601 1040 3660 sunt
1064 3592 1216 3658 notanda.

303 3957 379 4021 Luc.
407 3953 535 4037 XLIV,
563 3956 577 4016 1
605 3947 773 4017 inversu:

196 4200 205 4224 ·-
256 4174 415 4240 scribatur
439 4177 483 4248 ὡς
504 4177 598 4238 εἰπεῖν
619 4170 705 4246 ἔπος·

751 4333 842 4399 XIV.

300 4480 375 4545 Luc.
402 4478 534 4562 XLIV,
563 4481 602 4542 12
627 4476 724 4542 verba
748 4475 801 4540 ὅτε
823 4472 861 4548 δὴ
879 4475 958 4549 Διὸς
970 4467 1060 4539 παῖδε
1073 4467 1233 4553 ejicienda
1250 4473 1338 4534 sunt.

1139 4585 1175 4646 ll
