3216 5154
795 393 836 452 62

276 571 416 635 virorum
449 571 482 635 in
515 572 693 639 femineum
722 594 837 639 sexum
867 573 1009 638 conferre
1037 573 1228 660 moliuntur,
1260 581 1294 642 et
1317 579 1349 641 in

276 684 470 771 quibusdam
494 684 680 750 Academiis
705 685 834 771 puellae
852 685 1021 770 juventuti
1045 686 1211 752 studiosae
1234 709 1269 754 se
1292 690 1350 754 ad·

276 799 438 880 scribunt,
470 797 638 864 mulierem
666 805 734 864 tam
758 820 874 883 parum
899 798 1093 866 muliebrem
1116 804 1227 866 extare
1250 808 1348 886 puto,
1378 843 1381 850 ,

277 918 362 979 cerie
386 933 481 978 nosse
505 933 570 976 non
594 910 700 997 cupio.
749 910 784 978 Si
808 933 883 976 vero
906 912 969 978 tibi
990 912 1098 999 fingas
1120 912 1350 999 puellasAtti-

275 1049 329 1092 cas
353 1026 393 1091 de
415 1025 457 1090 iis
480 1009 576 1091 rebus
601 1024 825 1109 disputantes,
851 1024 935 1090 nihil
952 1031 1148 1112 potestesse
1164 1025 1346 1092 absurdius.

275 1138 388 1224 Neque
405 1158 561 1224 unquam,
580 1158 621 1202 ne
636 1136 722 1206 inter
738 1136 906 1221 Euripidis
922 1136 1055 1223 quidem
1070 1135 1233 1224 aequales,
1247 1161 1351 1225 quan-

277 1251 399 1318 tumvis
423 1250 574 1337 loquaces
598 1255 632 1316 et
655 1251 800 1334 dicaces,
824 1251 924 1317 moris
947 1251 1050 1318 fuisse
1072 1252 1198 1338 opinor,
1214 1258 1253 1318 ut
1264 1252 1349 1335 irati,

276 1365 346 1451 spei
376 1365 510 1450 inopes,
543 1364 693 1430 morituri
726 1364 825 1430 talem
856 1366 890 1429 in
922 1366 1057 1431 modum
1084 1367 1352 1434 concionarentur

276 1482 321 1543 ut·
344 1477 562 1568 Hippolytus,
595 1500 708 1565 quem,
744 1478 872 1544 detecto
902 1499 1057 1544 novercae
1079 1478 1205 1546 incesto
1227 1501 1349 1562 amore,

276 1612 391 1656 vovere
415 1592 566 1658 audimur
591 1597 629 1658 ut
651 1592 748 1658 liceat
761 1593 871 1679 potius
887 1593 921 1657 in
937 1593 1070 1660 deorum
1086 1593 1229 1661 delubris
1246 1616 1352 1660 emere

276 1703 401 1789 prolem
433 1725 529 1790 quam
555 1703 763 1770 matrimonio
795 1705 930 1791 gignere
954 1713 981 1783 ¹3
1011 1705 1063 1771 vel
1094 1706 1245 1790 Hecuba,
1270 1729 1352 1794 quae

276 1817 408 1903 cognita
449 1816 585 1901 pulchra
618 1816 705 1883 filiae
739 1822 861 1901 morte,
895 1818 1058 1885 declamat
1090 1819 1130 1886 de
1165 1843 1263 1887 causa
1288 1843 1352 1886 cur

278 1930 400 1996 “fortes
415 1935 572 2010 ‚creentur
604 1929 766 1996 fortibus”
783 1915 811 2009 ἓξ
847 1933 899 1998 vel
933 1930 1083 2017 Orestes,
1117 1934 1175 2020 qui
1213 1934 1351 2021 argutiis

276 2043 420 2130 physicis
443 2043 578 2128 probare
601 2044 710 2110 studet
732 2044 909 2128 Tyndareo,
928 2045 1003 2132 jure
1026 2069 1046 2112 a
1066 2068 1102 2113 se
1122 2053 1352 2114 necatamesse

277 2162 415 2223 matrem
431 2163 461 2235 ³3
496 2155 548 2221 vel
583 2157 793 2240 Menoeceus,
824 2158 881 2243 qui
911 2159 944 2223 iu
978 2159 1190 2226 deliberatam
1213 2167 1352 2226 mortem

472 2393 541 2452 Ζεύς,
559 2393 593 2449 ὡς
610 2391 724 2441 λέλεκται
742 2395 786 2452 τῆς
803 2392 925 2453 α’ληθείας
941 2393 991 2443 iiim
1011 2396 1182 2457 (Aristiden.
1200 2411 1236 2446 vs.
1256 2399 1336 2458 1244),

276 2485 318 2547 qui
336 2496 423 2533 versus
440 2480 514 2532 etiam
531 2481 559 2530 in
575 2481 688 2532 Pirithoo
703 2481 841 2545 legebatur.
859 2483 963 2546 (wagn.
979 2483 1010 2532 fr.
1027 2485 1084 2544 695,
1101 2485 1254 2548 Dinaeae.)
1271 2487 1353 2537 Nota-

277 2574 333 2623 bilis
349 2581 386 2624 eat
402 2572 515 2637 inprimis
531 2571 574 2622 ille
590 2572 669 2636 μῦθος
686 2586 759 2636 quem
777 2573 860 2636 puelia
875 2587 902 2624 sc
918 2574 1044 2626 audivisse
1058 2575 1118 2627 dicit
1133 2591 1150 2625 a
1163 2581 1247 2626 mamre
1256 2576 1353 2639 (quibus

276 2665 359 2715 verbis
381 2672 481 2727 poetam
502 2661 572 2725 ajunt
596 2660 700 2710 innuere
719 2674 747 2716 se
771 2661 813 2710 hic
826 2661 950 2726 ,proferre
971 2663 1110 2714 doctrinam
1127 2679 1176 2715 non
1193 2679 1264 2715 suam
1280 2667 1322 2714 sed
1338 2681 1354 2712 s

275 2766 437 2820 praeceptore
455 2751 611 2814 Anaxagora
627 2756 766 2814 acceptam
781 2749 870 2802 alludit
886 2752 919 2801 ad
935 2767 965 2802 ea
981 2753 1047 2804 Plat.
1063 2753 1142 2804 Ceut.
1161 2755 1207 2807 177
1220 2755 1272 2813 Al:

473 2841 507 2899 bc
524 2839 633 2904 οὐρανός
651 2857 677 2888 τε
694 2840 756 2904 γαῖά
773 2838 794 2889 τ’
811 2841 845 2900 ἦν
860 2842 945 2905 μορφὴ
961 2843 1007 2904 μία
1024 2849 1070 2894 etc.
1089 2843 1129 2905 (fr.
1145 2844 1195 2894 488
1210 2843 1299 2908 Dind.)

310 2933 363 2984 Vix
380 2945 527 2996 quemquam
544 2935 595 2978 tam
611 2942 738 2978 morosum
755 2943 809 2978 esse
827 2929 935 2979 arbitror
950 2931 1011 2994 quin
1024 2931 1102 2982 risum
1115 2932 1138 2982 ei
1146 2939 1293 2997 extorqueat
1301 2936 1353 2984 Mc-

276 3023 390 3087 lanippes
406 3019 556 3083 Euripideae
572 3017 682 3069 defensio
697 3021 762 3084 apud
778 3019 927 3070 Barnesium
943 3021 988 3072 vit.
1005 3021 1091 3087 Eurip.
1107 3037 1160 3086 cap.
1179 3023 1216 3072 lb.

310 3112 319 3143 ¹
352 3111 429 3174 Hipp.
437 3123 475 3159 va
483 3109 533 3158 618
548 3122 599 3172 sqq.
616 3107 777 3172 Hippolytus,
794 3123 880 3159 omnes
888 3110 1006 3160 mulieres
1014 3125 1101 3161 exosus
1114 3113 1167 3174 (cur
1177 3114 1286 3172 tandem,
1297 3127 1353 3162 cum

276 3208 350 3251 antea
365 3199 460 3250 nullam
477 3199 586 3246 novisset
602 3203 701 3260 praeter
717 3198 790 3248 deam
806 3198 928 3260 Dianam,
945 3215 1010 3250 nunc
1026 3201 1101 3251 unius
1117 3208 1214 3252 tantum
1225 3201 1353 3266 perfidiam

277 3297 396 3354 expertus
419 3291 507 3347 esseti)
532 3284 646 3350 queritur
661 3286 795 3336 humanam
811 3295 912 3350 gentem
929 3302 943 3337 e
960 3289 1105 3339 mulieribus
1121 3291 1255 3354 procreari,
1273 3292 1354 3341 verbis

278 3379 339 3429 mihi
355 3377 454 3442 quidem
471 3389 587 3426 nauseam
605 3389 683 3438 paene
701 3375 866 3426 moventibus.

310 3468 387 3533 Quasi
402 3481 462 3518 vero
478 3465 602 3517 nonsatis
619 3472 684 3516 esset
700 3466 777 3516 semel
792 3465 885 3530 aliquid
901 3473 953 3519 tam
970 3467 1069 3517 absurdi
1085 3468 1187 3529 dixisse,
1198 3469 1354 3534 poetasimil-

276 3559 363 3609 limam
388 3557 464 3625 ῥῆσιν
487 3556 575 3607 tribuit
600 3556 700 3615 Jasoni,
724 3557 749 3605 in
775 3556 825 3606 iine
842 3556 963 3608 orationis
980 3572 1098 3624 perquam
1114 3559 1260 3623 sophisticae
1277 3560 1355 3624 (Med.

278 3665 314 3699 vs.
332 3651 381 3703 573
397 3650 470 3712 equi:

634 3743 701 3803 χρῆν
718 3740 767 3803 γὰρ
786 3737 896 3788 ἄλλοθέν
913 3741 993 3789 ποθεν
1008 3739 1120 3803 βροτοὺς

472 3826 566 3884 παῖδας
584 3828 746 3888 τεκνοῦσθαι,
764 3827 829 3886 θῆλυ
846 3825 867 3874 d’
885 3826 930 3876 odit
946 3829 1011 3877 aluus
1028 3827 1111 3892 γένος,

471 3916 570 3981 χοῦτως
587 3917 620 3966 ἂν
638 3916 682 3966 οὐκ
699 3918 732 3976 ἦν
749 3915 822 3965 οὐδέν
838 3914 986 3981 ἀνθρώποις
1003 3918 1089 3966 κακόν.

310 4003 321 4035 ²
354 4005 451 4056 Hecub.
468 4019 504 4053 vs.
520 4006 570 4054 592
586 4019 637 4069 sqq.

311 4094 321 4125 ³
353 4095 434 4146 Orest.
451 4111 488 4145 vs.
504 4096 553 4164 552
569 4111 617 4160 sq.:

472 4187 557 4249 πατὴρ
573 4187 619 4251 μὲν
636 4185 768 4256 ἐφύτευσέν
783 4204 822 4250 με,
840 4187 872 4245 σὴ
889 4185 909 4234 δ’
927 4187 1005 4236 ἔτικτε
1023 4190 1098 4248 παῖς,

471 4277 499 4325 τὸ
517 4274 607 4340 σπέρμ’
625 4275 722 4339 ἄρουρα
739 4275 918 4340 παραλαβοῦα’
935 4277 1016 4325 ἄλλον
1035 4276 1106 4340 πάρα
1123 4282 1171 4327 eie.

278 4364 393 4414 Profecto
408 4363 532 4414 furentem
549 4379 623 4428 quarn
640 4363 676 4412 sic
692 4365 831 4428 sapientem
847 4363 948 4428 aequius
965 4364 1030 4414 feras
1047 4364 1173 4417 Orestem!

311 4455 412 4504 Dixerit
429 4454 528 4520 aliquis:
552 4455 675 4512 nescisne,
692 4453 769 4513 Zeila,
786 4454 942 4518 Aeschylum
961 4455 1025 4504 idern
1043 4455 1186 4519 scripsisse?
1220 4455 1276 4517 Ego
1293 4467 1354 4502 vero
