<?xml version="1.0" encoding="UTF-8"?>
<!DOCTYPE html PUBLIC "-//W3C//DTD XHTML 1.0 Transitional//EN"
    "http://www.w3.org/TR/xhtml1/DTD/xhtml1-transitional.dtd">
<html xmlns="http://www.w3.org/1999/xhtml" xml:lang="en" lang="en">
 <head>
  <title>
</title>
<meta http-equiv="Content-Type" content="text/html;charset=utf-8" />
  <meta name='ocr-system' content='tesseract 3.04.00' />
  <meta name='ocr-capabilities' content='ocr_page ocr_carea ocr_par ocr_line ocrx_word'/>
</head>
<body>
  <div class='ocr_page' id='page_1' title='image "./specimenliterar01leeugoog_0128.png"; bbox 0 0 3222 5170; ppageno 0'>
   <div class='ocr_carea' id='block_1_1' title="bbox 754 426 814 488">
    <p class='ocr_par' dir='ltr' id='par_1_1' title="bbox 754 426 814 488">
     <span class='ocr_line' id='line_1_1' title="bbox 754 426 814 488; baseline 0.033 -2"><span class='ocrx_word' id='word_1_1' title='bbox 754 426 814 488; x_wconf 89' lang='lat'>115</span> 
     </span>
    </p>
   </div>
   <div class='ocr_carea' id='block_1_2' title="bbox 238 603 1395 1825">
    <p class='ocr_par' dir='ltr' id='par_1_2' title="bbox 238 603 1395 1825">
     <span class='ocr_line' id='line_1_2' title="bbox 242 603 1320 696; baseline 0.006 -24"><span class='ocrx_word' id='word_1_2' title='bbox 242 609 385 695; x_wconf 78' lang='lat' dir='ltr'><strong>tragicae</strong></span> <span class='ocrx_word' id='word_1_3' title='bbox 405 611 561 696; x_wconf 79' lang='lat' dir='ltr'>dignitati</span> <span class='ocrx_word' id='word_1_4' title='bbox 580 603 728 676; x_wconf 79' lang='lat' dir='ltr'>detrahit.</span> <span class='ocrx_word' id='word_1_5' title='bbox 756 610 841 675; x_wconf 89' lang='lat' dir='ltr'>Nam</span> <span class='ocrx_word' id='word_1_6' title='bbox 864 631 973 676; x_wconf 87' lang='lat' dir='ltr'>revera</span> <span class='ocrx_word' id='word_1_7' title='bbox 985 632 1049 674; x_wconf 92' lang='lat' dir='ltr'>non</span> <span class='ocrx_word' id='word_1_8' title='bbox 1063 611 1206 676; x_wconf 91' lang='lat' dir='ltr'>multum</span> <span class='ocrx_word' id='word_1_9' title='bbox 1217 611 1320 678; x_wconf 88' lang='lat' dir='ltr'>inter-</span> 
     </span>
     <span class='ocr_line' id='line_1_3' title="bbox 241 723 1319 811; baseline 0.005 -25"><span class='ocrx_word' id='word_1_10' title='bbox 241 729 308 805; x_wconf 85' lang='lat' dir='ltr'>est,</span> <span class='ocrx_word' id='word_1_11' title='bbox 333 729 443 789; x_wconf 91' lang='lat' dir='ltr'>utrum</span> <span class='ocrx_word' id='word_1_12' title='bbox 467 724 596 811; x_wconf 88' lang='lat' dir='ltr'>regibus</span> <span class='ocrx_word' id='word_1_13' title='bbox 619 745 677 810; x_wconf 93' lang='lat' dir='ltr'>pro</span> <span class='ocrx_word' id='word_1_14' title='bbox 698 745 859 810; x_wconf 89' lang='lat' dir='ltr'>purpurea</span> <span class='ocrx_word' id='word_1_15' title='bbox 877 723 1047 808; x_wconf 82' lang='lat' dir='ltr'>chlamyde</span> <span class='ocrx_word' id='word_1_16' title='bbox 1068 725 1232 790; x_wconf 89' lang='lat' dir='ltr'>sordidum</span> <span class='ocrx_word' id='word_1_17' title='bbox 1260 728 1319 791; x_wconf 89' lang='lat' dir='ltr'>tri·-</span> 
     </span>
     <span class='ocr_line' id='line_1_4' title="bbox 239 835 1395 922; baseline 0.005 -24"><span class='ocrx_word' id='word_1_18' title='bbox 239 835 324 900; x_wconf 91' lang='lat' dir='ltr'>bona</span> <span class='ocrx_word' id='word_1_19' title='bbox 347 837 482 921; x_wconf 80' lang='lat' dir='ltr'>induas,</span> <span class='ocrx_word' id='word_1_20' title='bbox 508 861 549 903; x_wconf 90' lang='lat' dir='ltr'>an</span> <span class='ocrx_word' id='word_1_21' title='bbox 574 859 684 904; x_wconf 89' lang='lat' dir='ltr'>eorum</span> <span class='ocrx_word' id='word_1_22' title='bbox 707 839 806 903; x_wconf 89' lang='lat' dir='ltr'>verba</span> <span class='ocrx_word' id='word_1_23' title='bbox 828 860 845 902; x_wconf 93' lang='lat' dir='ltr'>e</span> <span class='ocrx_word' id='word_1_24' title='bbox 869 837 1054 922; x_wconf 84' lang='lat' dir='ltr'>tragoediae</span> <span class='ocrx_word' id='word_1_25' title='bbox 1077 844 1180 904; x_wconf 88' lang='lat' dir='ltr'>metro</span> <span class='ocrx_word' id='word_1_26' title='bbox 1203 861 1318 905; x_wconf 88' lang='lat' dir='ltr'>canoro</span> <span class='ocrx_word' id='word_1_27' title='bbox 1387 847 1395 870; x_wconf 90' lang='lat'><em>&#39;</em></span> 
     </span>
     <span class='ocr_line' id='line_1_5' title="bbox 238 949 1316 1036; baseline 0.005 -25"><span class='ocrx_word' id='word_1_28' title='bbox 238 949 409 1034; x_wconf 85' lang='lat' dir='ltr'>gravique,</span> <span class='ocrx_word' id='word_1_29' title='bbox 446 952 532 1036; x_wconf 92' lang='lat' dir='ltr'>quod</span> <span class='ocrx_word' id='word_1_30' title='bbox 564 951 742 1016; x_wconf 88' lang='lat' dir='ltr'>sententias</span> <span class='ocrx_word' id='word_1_31' title='bbox 767 957 861 1014; x_wconf 90' lang='lat' dir='ltr'>ornat</span> <span class='ocrx_word' id='word_1_32' title='bbox 884 971 942 1014; x_wconf 91' lang='lat' dir='ltr'>nec</span> <span class='ocrx_word' id='word_1_33' title='bbox 966 949 1064 1014; x_wconf 91' lang='lat' dir='ltr'>nimis</span> <span class='ocrx_word' id='word_1_34' title='bbox 1088 955 1197 1015; x_wconf 83' lang='lat' dir='ltr'>tamen</span> <span class='ocrx_word' id='word_1_35' title='bbox 1220 952 1316 1016; x_wconf 85' lang='lat' dir='ltr'>arctis</span> 
     </span>
     <span class='ocr_line' id='line_1_6' title="bbox 238 1061 1316 1150; baseline 0.002 -26"><span class='ocrx_word' id='word_1_36' title='bbox 238 1061 378 1127; x_wconf 88' lang='lat' dir='ltr'>vinculis</span> <span class='ocrx_word' id='word_1_37' title='bbox 398 1064 584 1150; x_wconf 86' lang='lat' dir='ltr'>compescit,</span> <span class='ocrx_word' id='word_1_38' title='bbox 604 1062 779 1129; x_wconf 87' lang='lat' dir='ltr'>transferas</span> <span class='ocrx_word' id='word_1_39' title='bbox 798 1063 833 1126; x_wconf 89' lang='lat' dir='ltr'>in</span> <span class='ocrx_word' id='word_1_40' title='bbox 855 1062 1032 1128; x_wconf 86' lang='lat' dir='ltr'>dissolutos</span> <span class='ocrx_word' id='word_1_41' title='bbox 1048 1062 1188 1129; x_wconf 86' lang='lat' dir='ltr'>comicae</span> <span class='ocrx_word' id='word_1_42' title='bbox 1204 1084 1316 1128; x_wconf 88' lang='lat' dir='ltr'>scenae</span> 
     </span>
     <span class='ocr_line' id='line_1_7' title="bbox 238 1175 1317 1263; baseline 0.002 -25"><span class='ocrx_word' id='word_1_43' title='bbox 238 1196 407 1259; x_wconf 88' lang='lat' dir='ltr'>numeros,</span> <span class='ocrx_word' id='word_1_44' title='bbox 441 1177 497 1263; x_wconf 92' lang='lat' dir='ltr'>qni</span> <span class='ocrx_word' id='word_1_45' title='bbox 530 1176 624 1262; x_wconf 86' lang='lat' dir='ltr'>quasi</span> <span class='ocrx_word' id='word_1_46' title='bbox 661 1175 800 1241; x_wconf 91' lang='lat' dir='ltr'>saltibus</span> <span class='ocrx_word' id='word_1_47' title='bbox 835 1175 987 1261; x_wconf 85' lang='lat' dir='ltr'>progredi</span> <span class='ocrx_word' id='word_1_48' title='bbox 1013 1180 1045 1240; x_wconf 89' lang='lat' dir='ltr'>et</span> <span class='ocrx_word' id='word_1_49' title='bbox 1067 1197 1125 1260; x_wconf 90' lang='lat' dir='ltr'>per</span> <span class='ocrx_word' id='word_1_50' title='bbox 1148 1196 1261 1261; x_wconf 88' lang='lat' dir='ltr'>aspera</span> <span class='ocrx_word' id='word_1_51' title='bbox 1284 1182 1317 1240; x_wconf 88' lang='lat' dir='ltr'>et</span> 
     </span>
     <span class='ocr_line' id='line_1_8' title="bbox 240 1273 1315 1373; baseline 0.002 -23"><span class='ocrx_word' id='word_1_52' title='bbox 240 1282 340 1353; x_wconf 89' lang='lat' dir='ltr'>densa</span> <span class='ocrx_word' id='word_1_53' title='bbox 372 1273 463 1355; x_wconf 84' lang='lat' dir='ltr'>ruere</span> <span class='ocrx_word' id='word_1_54' title='bbox 495 1289 666 1372; x_wconf 84' lang='lat' dir='ltr'>videntur,</span> <span class='ocrx_word' id='word_1_55' title='bbox 693 1311 712 1354; x_wconf 92' lang='lat' dir='ltr'>a</span> <span class='ocrx_word' id='word_1_56' title='bbox 736 1310 883 1353; x_wconf 88' lang='lat' dir='ltr'>sermone</span> <span class='ocrx_word' id='word_1_57' title='bbox 907 1288 1097 1373; x_wconf 89' lang='lat' dir='ltr'>quotidiano</span> <span class='ocrx_word' id='word_1_58' title='bbox 1120 1310 1236 1372; x_wconf 89' lang='lat' dir='ltr'>parum</span> <span class='ocrx_word' id='word_1_59' title='bbox 1266 1288 1315 1353; x_wconf 90' lang='lat' dir='ltr'>di·</span> 
     </span>
     <span class='ocr_line' id='line_1_9' title="bbox 242 1387 1315 1487; baseline 0 -21"><span class='ocrx_word' id='word_1_60' title='bbox 242 1407 376 1467; x_wconf 87' lang='lat' dir='ltr'>stantes.</span> <span class='ocrx_word' id='word_1_61' title='bbox 415 1401 478 1467; x_wconf 91' lang='lat' dir='ltr'>Hic</span> <span class='ocrx_word' id='word_1_62' title='bbox 511 1421 637 1487; x_wconf 91' lang='lat' dir='ltr'>qnoque</span> <span class='ocrx_word' id='word_1_63' title='bbox 672 1401 863 1484; x_wconf 85' lang='lat' dir='ltr'>Euripidem</span> <span class='ocrx_word' id='word_1_64' title='bbox 900 1421 1029 1466; x_wconf 89' lang='lat' dir='ltr'>monere</span> <span class='ocrx_word' id='word_1_65' title='bbox 1050 1387 1170 1466; x_wconf 78' lang='lat' dir='ltr'>uelles:</span> <span class='ocrx_word' id='word_1_66' title='bbox 1195 1406 1253 1466; x_wconf 91' lang='lat' dir='ltr'>ant</span> <span class='ocrx_word' id='word_1_67' title='bbox 1275 1423 1315 1466; x_wconf 93' lang='lat' dir='ltr'>ne</span> 
     </span>
     <span class='ocr_line' id='line_1_10' title="bbox 239 1513 1316 1599; baseline 0.002 -21"><span class='ocrx_word' id='word_1_68' title='bbox 239 1514 373 1579; x_wconf 89' lang='lat' dir='ltr'>ostende</span> <span class='ocrx_word' id='word_1_69' title='bbox 408 1514 502 1579; x_wconf 92' lang='lat' dir='ltr'>nobis</span> <span class='ocrx_word' id='word_1_70' title='bbox 535 1513 709 1595; x_wconf 86' lang='lat' dir='ltr'>semideos,</span> <span class='ocrx_word' id='word_1_71' title='bbox 734 1520 792 1579; x_wconf 87' lang='lat' dir='ltr'>ant</span> <span class='ocrx_word' id='word_1_72' title='bbox 814 1515 861 1578; x_wconf 87' lang='lat' dir='ltr'>ita</span> <span class='ocrx_word' id='word_1_73' title='bbox 883 1513 1057 1599; x_wconf 88' lang='lat' dir='ltr'>loquantur</span> <span class='ocrx_word' id='word_1_74' title='bbox 1080 1522 1118 1579; x_wconf 89' lang='lat' dir='ltr'>ut</span> <span class='ocrx_word' id='word_1_75' title='bbox 1140 1536 1181 1580; x_wconf 86' lang='lat' dir='ltr'>ex</span> <span class='ocrx_word' id='word_1_76' title='bbox 1204 1537 1316 1580; x_wconf 86' lang='lat' dir='ltr'>eorum</span> 
     </span>
     <span class='ocr_line' id='line_1_11' title="bbox 238 1626 1313 1712; baseline -0.003 -18"><span class='ocrx_word' id='word_1_77' title='bbox 238 1649 386 1694; x_wconf 90' lang='lat' dir='ltr'>sermone</span> <span class='ocrx_word' id='word_1_78' title='bbox 416 1626 609 1712; x_wconf 88' lang='lat' dir='ltr'>dicendique</span> <span class='ocrx_word' id='word_1_79' title='bbox 631 1626 728 1691; x_wconf 93' lang='lat' dir='ltr'>modo</span> <span class='ocrx_word' id='word_1_80' title='bbox 750 1647 964 1712; x_wconf 86' lang='lat' dir='ltr'>agnoscamus</span> <span class='ocrx_word' id='word_1_81' title='bbox 987 1648 1054 1692; x_wconf 91' lang='lat' dir='ltr'>non</span> <span class='ocrx_word' id='word_1_82' title='bbox 1077 1627 1117 1692; x_wconf 87' lang='lat' dir='ltr'>de</span> <span class='ocrx_word' id='word_1_83' title='bbox 1139 1627 1233 1712; x_wconf 90' lang='lat' dir='ltr'>plebe</span> <span class='ocrx_word' id='word_1_84' title='bbox 1255 1629 1313 1692; x_wconf 92' lang='lat' dir='ltr'>ho-</span> 
     </span>
     <span class='ocr_line' id='line_1_12' title="bbox 239 1740 1110 1825; baseline -0.002 -18"><span class='ocrx_word' id='word_1_85' title='bbox 239 1740 423 1823; x_wconf 85' lang='lat' dir='ltr'>munculos,</span> <span class='ocrx_word' id='word_1_86' title='bbox 447 1740 504 1806; x_wconf 92' lang='lat' dir='ltr'>sed</span> <span class='ocrx_word' id='word_1_87' title='bbox 527 1741 604 1806; x_wconf 86' lang='lat' dir='ltr'>Jovi</span> <span class='ocrx_word' id='word_1_88' title='bbox 627 1741 754 1825; x_wconf 87' lang='lat' dir='ltr'>prolem</span> <span class='ocrx_word' id='word_1_89' title='bbox 770 1762 842 1805; x_wconf 89' lang='lat' dir='ltr'>non</span> <span class='ocrx_word' id='word_1_90' title='bbox 866 1740 1072 1806; x_wconf 89' lang='lat' dir='ltr'>infitiandam</span> <span class='ocrx_word' id='word_1_91' title='bbox 1090 1747 1110 1805; x_wconf 87' lang='lat'>¹.</span> 
     </span>
    </p>
   </div>
   <div class='ocr_carea' id='block_1_3' title="bbox 238 1949 1316 2554">
    <p class='ocr_par' dir='ltr' id='par_1_3' title="bbox 238 1949 1316 2554">
     <span class='ocr_line' id='line_1_13' title="bbox 250 1949 1316 2015; baseline 0.002 -19"><span class='ocrx_word' id='word_1_92' title='bbox 250 1951 392 2001; x_wconf 77' lang='lat' dir='ltr'>,¹Partim</span> <span class='ocrx_word' id='word_1_93' title='bbox 413 1952 560 2015; x_wconf 86' lang='lat' dir='ltr'>joculariter</span> <span class='ocrx_word' id='word_1_94' title='bbox 585 1965 629 1999; x_wconf 80' lang='lat' dir='ltr'>sna</span> <span class='ocrx_word' id='word_1_95' title='bbox 648 1949 834 2014; x_wconf 81' lang='lat' dir='ltr'>sesquipedalia</span> <span class='ocrx_word' id='word_1_96' title='bbox 859 1950 934 1999; x_wconf 88' lang='lat' dir='ltr'>verba</span> <span class='ocrx_word' id='word_1_97' title='bbox 962 1951 1109 2008; x_wconf 81' lang='lat' dir='ltr'>defendens,</span> <span class='ocrx_word' id='word_1_98' title='bbox 1137 1952 1227 2014; x_wconf 88' lang='lat' dir='ltr'>partim</span> <span class='ocrx_word' id='word_1_99' title='bbox 1253 1950 1316 1999; x_wconf 83' lang='lat' dir='ltr'>seria</span> 
     </span>
     <span class='ocr_line' id='line_1_14' title="bbox 238 2041 988 2105; baseline 0.004 -17"><span class='ocrx_word' id='word_1_100' title='bbox 238 2055 327 2103; x_wconf 78' lang='lat' dir='ltr'>agens,</span> <span class='ocrx_word' id='word_1_101' title='bbox 344 2041 485 2105; x_wconf 82' lang='lat' dir='ltr'>Aeschylus</span> <span class='ocrx_word' id='word_1_102' title='bbox 503 2041 594 2090; x_wconf 71' lang='lat' dir='ltr'>Bauer.</span> <span class='ocrx_word' id='word_1_103' title='bbox 612 2056 648 2089; x_wconf 88' lang='lat' dir='ltr'>vs.</span> <span class='ocrx_word' id='word_1_104' title='bbox 669 2043 731 2091; x_wconf 78' lang='lat'>1058</span> <span class='ocrx_word' id='word_1_105' title='bbox 746 2056 798 2105; x_wconf 86' lang='lat' dir='ltr'>sqq.</span> <span class='ocrx_word' id='word_1_106' title='bbox 816 2043 851 2090; x_wconf 76' lang='lat' dir='ltr'>ita</span> <span class='ocrx_word' id='word_1_107' title='bbox 867 2041 988 2105; x_wconf 84' lang='lat' dir='ltr'>loquitur:</span> 
     </span>
     <span class='ocr_line' id='line_1_15' title="bbox 730 2130 1122 2197; baseline 0 -17"><span class='ocrx_word' id='word_1_108' title='bbox 730 2130 788 2180; x_wconf 81' lang='grc' dir='ltr'>ἁλλ’</span> <span class='ocrx_word' id='word_1_109' title='bbox 805 2133 824 2180; x_wconf 86' lang='grc' dir='ltr'><strong><em>ὦ</em></strong></span> <span class='ocrx_word' id='word_1_110' title='bbox 842 2131 1007 2196; x_wconf 71' lang='grc' dir='ltr'><strong><em>κακόδαιμον,</em></strong></span> <span class='ocrx_word' id='word_1_111' title='bbox 1024 2132 1122 2197; x_wconf 77' lang='grc' dir='ltr'><strong><em>ἀνάγκη</em></strong></span> 
     </span>
     <span class='ocr_line' id='line_1_16' title="bbox 350 2219 1187 2287; baseline 0.001 -18"><span class='ocrx_word' id='word_1_112' title='bbox 350 2221 468 2287; x_wconf 76' lang='grc' dir='ltr'>μεγάλων</span> <span class='ocrx_word' id='word_1_113' title='bbox 485 2227 592 2287; x_wconf 81' lang='grc' dir='ltr'>γνωμῶν</span> <span class='ocrx_word' id='word_1_114' title='bbox 608 2222 649 2269; x_wconf 78' lang='grc' dir='ltr'>καὶ</span> <span class='ocrx_word' id='word_1_115' title='bbox 667 2220 787 2270; x_wconf 79' lang='grc' dir='ltr'>διανοιῶν</span> <span class='ocrx_word' id='word_1_116' title='bbox 803 2222 847 2270; x_wconf 80' lang='grc' dir='ltr'>ἶσα</span> <span class='ocrx_word' id='word_1_117' title='bbox 864 2224 905 2270; x_wconf 80' lang='grc' dir='ltr'>καὶ</span> <span class='ocrx_word' id='word_1_118' title='bbox 923 2223 955 2270; x_wconf 85' lang='grc' dir='ltr'>τὰ</span> <span class='ocrx_word' id='word_1_119' title='bbox 970 2219 1071 2286; x_wconf 76' lang='grc' dir='ltr'>ῥήματα</span> <span class='ocrx_word' id='word_1_120' title='bbox 1088 2223 1187 2272; x_wconf 76' lang='grc' dir='ltr'>τίκτειν.</span> 
     </span>
     <span class='ocr_line' id='line_1_17' title="bbox 351 2309 1177 2375; baseline 0.005 -18"><span class='ocrx_word' id='word_1_121' title='bbox 351 2309 450 2366; x_wconf 77' lang='grc' dir='ltr'>κᾶλλως</span> <span class='ocrx_word' id='word_1_122' title='bbox 468 2309 531 2367; x_wconf 79' lang='grc' dir='ltr'><strong><em>εἰκὸς</em></strong></span> <span class='ocrx_word' id='word_1_123' title='bbox 549 2311 608 2367; x_wconf 81' lang='grc' dir='ltr'>τοὺς</span> <span class='ocrx_word' id='word_1_124' title='bbox 626 2309 741 2375; x_wconf 79' lang='grc' dir='ltr'>ἡμιθέους</span> <span class='ocrx_word' id='word_1_125' title='bbox 760 2315 813 2368; x_wconf 84' lang='grc' dir='ltr'>τοῖς</span> <span class='ocrx_word' id='word_1_126' title='bbox 831 2309 926 2374; x_wconf 77' lang='grc' dir='ltr'>ῥήμασι</span> <span class='ocrx_word' id='word_1_127' title='bbox 941 2310 1036 2374; x_wconf 81' lang='grc' dir='ltr'>μείζοσι</span> <span class='ocrx_word' id='word_1_128' title='bbox 1053 2314 1177 2374; x_wconf 85' lang='grc' dir='ltr'>χρῆσθαι,</span> 
     </span>
     <span class='ocr_line' id='line_1_18' title="bbox 350 2399 1212 2464; baseline 0.007 -19"><span class='ocrx_word' id='word_1_129' title='bbox 350 2399 392 2445; x_wconf 84' lang='grc' dir='ltr'>καὶ</span> <span class='ocrx_word' id='word_1_130' title='bbox 409 2400 457 2462; x_wconf 81' lang='grc' dir='ltr'>γὰρ</span> <span class='ocrx_word' id='word_1_131' title='bbox 473 2402 527 2456; x_wconf 64' lang='grc' dir='ltr'>τοῖςΙ</span> <span class='ocrx_word' id='word_1_132' title='bbox 544 2399 650 2462; x_wconf 76' lang='grc' dir='ltr'>ἱματίοις</span> <span class='ocrx_word' id='word_1_133' title='bbox 666 2399 738 2462; x_wconf 84' lang='grc' dir='ltr'>ἡμῶν</span> <span class='ocrx_word' id='word_1_134' title='bbox 756 2404 868 2462; x_wconf 83' lang='grc' dir='ltr'>χρῶνται</span> <span class='ocrx_word' id='word_1_135' title='bbox 886 2401 953 2448; x_wconf 84' lang='grc' dir='ltr'>πολὺ</span> <span class='ocrx_word' id='word_1_136' title='bbox 971 2400 1163 2464; x_wconf 81' lang='grc' dir='ltr'>σεμνοτέροισιν,</span> <span class='ocrx_word' id='word_1_137' title='bbox 1181 2429 1212 2437; x_wconf 90' lang='lat'>-</span> 
     </span>
     <span class='ocr_line' id='line_1_19' title="bbox 271 2485 1315 2554; baseline 0.007 -23"><span class='ocrx_word' id='word_1_138' title='bbox 271 2485 401 2547; x_wconf 82' lang='lat' dir='ltr'>“Nirgend</span> <span class='ocrx_word' id='word_1_139' title='bbox 418 2486 526 2534; x_wconf 82' lang='lat' dir='ltr'>wardia</span> <span class='ocrx_word' id='word_1_140' title='bbox 543 2486 638 2534; x_wconf 86' lang='lat' dir='ltr'>scharle</span> <span class='ocrx_word' id='word_1_141' title='bbox 656 2487 742 2535; x_wconf 84' lang='lat' dir='ltr'>Kritik</span> <span class='ocrx_word' id='word_1_142' title='bbox 759 2488 802 2534; x_wconf 88' lang='lat' dir='ltr'>der</span> <span class='ocrx_word' id='word_1_143' title='bbox 819 2488 942 2536; x_wconf 80' lang='lat' dir='ltr'>Komndie</span> <span class='ocrx_word' id='word_1_144' title='bbox 959 2488 1041 2536; x_wconf 84' lang='lat' dir='ltr'>besscr</span> <span class='ocrx_word' id='word_1_145' title='bbox 1053 2489 1199 2554; x_wconf 83' lang='lat' dir='ltr'>berochtigt‚</span> <span class='ocrx_word' id='word_1_146' title='bbox 1209 2490 1315 2551; x_wconf 84' lang='lat' dir='ltr'>nitgend</span> 
     </span>
    </p>
   </div>
   <div class='ocr_carea' id='block_1_4' title="bbox 238 2574 1273 2642">
    <p class='ocr_par' dir='ltr' id='par_1_4' title="bbox 238 2574 1273 2642">
     <span class='ocr_line' id='line_1_20' title="bbox 238 2574 1273 2642; baseline 0.008 -22"><span class='ocrx_word' id='word_1_147' title='bbox 238 2576 341 2622; x_wconf 85' lang='lat' dir='ltr'>“uurde</span> <span class='ocrx_word' id='word_1_148' title='bbox 359 2577 401 2622; x_wconf 84' lang='lat' dir='ltr'>das</span> <span class='ocrx_word' id='word_1_149' title='bbox 419 2575 503 2622; x_wconf 81' lang='lat' dir='ltr'>antike</span> <span class='ocrx_word' id='word_1_150' title='bbox 520 2574 573 2624; x_wconf 93' lang='lat' dir='ltr'>Ohr</span> <span class='ocrx_word' id='word_1_151' title='bbox 590 2576 776 2638; x_wconf 85' lang='lat' dir='ltr'>cmpfindlichcr</span> <span class='ocrx_word' id='word_1_152' title='bbox 793 2575 921 2624; x_wconf 83' lang='lat' dir='ltr'>verletzt.&#39;’</span> <span class='ocrx_word' id='word_1_153' title='bbox 935 2578 1071 2628; x_wconf 76' lang='lat' dir='ltr'>Bernhard.</span> <span class='ocrx_word' id='word_1_154' title='bbox 1089 2579 1123 2628; x_wconf 83' lang='grc'>11.</span> <span class='ocrx_word' id='word_1_155' title='bbox 1141 2595 1199 2642; x_wconf 79' lang='lat' dir='ltr'>pag.</span> <span class='ocrx_word' id='word_1_156' title='bbox 1217 2581 1273 2628; x_wconf 83' lang='grc'><strong>416.</strong></span> 
     </span>
    </p>
   </div>
   <div class='ocr_carea' id='block_1_5' title="bbox 0 0 1616 5170">
    <p class='ocr_par' dir='ltr' id='par_1_5' title="bbox 0 0 1616 5170">
     <span class='ocr_line' id='line_1_21' title="bbox 0 0 1616 5170; baseline 0 0"><span class='ocrx_word' id='word_1_157' title='bbox 0 0 1616 5170; x_wconf 95' lang='lat' dir='ltr'> </span> 
     </span>
    </p>
   </div>
  </div>
 </body>
</html>
