3216 5154
802 370 843 430 64

286 535 408 621 Nonne
434 575 572 619 naevum
605 573 732 639 quoque
762 551 906 615 dicemus
935 548 968 612 in
1002 567 1131 634 corpore
1152 545 1287 630 pulchro
1309 547 1360 610 in-

286 668 513 754 tempestivam
537 688 646 731 ouram
671 662 948 750 Agamemnonis,
972 662 1040 747 qui,

681 778 760 842 dum
781 780 932 862 pugnant
958 795 1078 859 rexque
1100 777 1269 858 paterque,

383 881 572 979 diverseque
596 892 732 956 trahunt
753 909 856 955 unum
880 887 945 952 duo
972 885 1106 951 nomina
1128 892 1259 971 peetus,

285 1008 325 1073 de
356 1006 555 1094 astronomia
586 1003 711 1069 scilicet
737 1001 917 1085 sollicitus,
951 1021 1069 1065 nornen
1102 998 1232 1084 stellae,
1262 1021 1359 1086 quam

286 1142 383 1206 supra
411 1114 510 1204 caput
544 1118 651 1202 videt,
685 1135 877 1201 cognoscere
898 1113 1024 1179 laborat
1036 1113 1056 1177 ¹.
1107 1111 1220 1178 Unum
1241 1109 1358 1176 addam

285 1231 473 1318 exemplum
506 1228 724 1317 philosophici
756 1228 859 1294 studii
893 1225 1173 1313 importunissime
1202 1225 1358 1309 adhibiti,

286 1367 326 1410 cx
360 1343 527 1430 tragoedia
556 1341 734 1428 Euripides
767 1363 849 1428 quae
879 1346 990 1406 tamen
1017 1340 1103 1404 inter
1125 1339 1267 1425 optimas
1286 1338 1360 1423 jure

285 1465 485 1542 recensetur,
526 1457 707 1544 Hippolyto
741 1456 907 1521 nimirum.
956 1454 1104 1519 Phaedra
1138 1452 1214 1537 illa,
1249 1473 1358 1538 quam,

286 1573 422 1639 Veneris
456 1571 605 1657 potentia
632 1570 819 1653 vecordem,
852 1591 872 1634 a
894 1566 1102 1655 philosophia
1124 1566 1359 1632 alienissimam

285 1681 423 1769 dixeris,
458 1689 570 1750 contra
599 1683 765 1748 “insanire
791 1688 886 1767 parat
908 1686 995 1746 certa
1016 1679 1142 1745 ratione
1165 1679 1358 1765 modoque.'’

286 1800 369 1865 Mihi
393 1798 526 1886 quidem
552 1797 701 1882 ineptum
728 1796 877 1880 videtur,
902 1794 990 1880 quod
1019 1793 1359 1881 semimortnaamore

286 1917 319 1976 ct
340 1911 485 1997 plurium
508 1909 635 1976 dierum
662 1908 789 1992 inedia,
814 1913 987 1995 postquam
1020 1930 1116 1996 aegre
1145 1914 1179 1974 et
1203 1908 1359 1994 tergiver-

286 2027 395 2088 santet
422 2023 561 2109 pectoris
596 2023 648 2088 sui
681 2044 834 2089 areanum
871 2022 1020 2088 confessa
1048 2026 1114 2106 est,
1150 2044 1222 2088 ecoe
1251 2022 1360 2088 neseio

286 2158 350 2222 qua
380 2143 450 2204 arte
478 2136 513 2201 in
544 2136 777 2223 philosophum
802 2158 973 2221 conversa,
998 2136 1126 2203 refectis
1150 2136 1258 2203 subito
1282 2133 1359 2200 viri-

284 2249 345 2315 bus
380 2255 413 2314 et
446 2249 517 2315 sine
554 2249 657 2313 nimio
694 2249 796 2314 animi
831 2254 940 2334 motu,
974 2248 1043 2322 edit
1065 2249 1200 2335 longam
1224 2269 1359 2334 eamque

286 2365 529 2449 γνωμικωτάτην
562 2363 739 2428 orationem
777 2364 817 2429 de
849 2364 973 2449 optimo
1001 2363 1098 2428 modo
1125 2361 1244 2428 amoris
1271 2384 1358 2427 conr-

285 2477 437 2563 pescendi
464 2487 525 2556 (vs.
552 2479 757 2564 373-430),
781 2477 867 2543 bona
890 2499 967 2543 sane
992 2483 1165 2562 praecepta
1187 2476 1356 2542 continen-

285 2598 350 2657 tem
362 2637 371 2674 ‚
396 2590 572 2656 dummodo
595 2612 636 2655 ne
658 2611 698 2655 ex
722 2591 888 2655 Phaedrae
913 2611 966 2656 ore
998 2590 1195 2656 audirentur.
1234 2590 1360 2674 Exspe-

286 2711 389 2770 ctares
412 2725 484 2770 eam
499 2700 558 2780 ἤδη
570 2703 649 2770 ’ποτ’
672 2703 783 2778 ἄλλως
804 2705 917 2778 νυκτὸς
939 2707 972 2769 ἐν
993 2709 1099 2790 μακρῷ
1118 2705 1227 2790 χρόνῳ
1240 2724 1306 2768 non
1322 2702 1362 2767 de

285 2817 518 2905 philosophicis
548 2817 793 2904 quaestionibus
826 2818 883 2884 sed
911 2818 1016 2904 magis
1047 2819 1087 2883 de
1113 2818 1234 2902 juvene
1265 2835 1362 2901 quem

286 2930 453 3017 deperibat
498 2931 710 3016 cogitavissc3
754 2931 827 3016 jure
865 2931 949 2996 illud
987 2933 1073 3018 qnod
1120 2932 1201 2996 dicit
1242 2930 1362 2995 nutrici

287 3047 350 3130 (vn.
392 3046 491 3130 518):
530 3041 646 3131 δέδοιχ’
686 3047 774 3119 ὅπως
806 3072 860 3127 μοι
890 3047 931 3128 μὴ
965 3045 1040 3111 λίαν
1071 3051 1170 3132 φανῇς
1202 3049 1298 3132 σοφή,
1326 3043 1359 3106 in

286 3159 392 3243 ipsam
422 3158 611 3242 detorquere
632 3156 755 3241 possis!
805 3157 970 3238 Quantum
1003 3163 1130 3222 mutata
1162 3162 1212 3223 est
1242 3156 1362 3242 frigida

244 3323 246 3326 .
286 3271 366 3336 haec
400 3269 435 3334 in
467 3291 564 3335 scena
594 3268 753 3354 magistra
775 3271 816 3335 ab
840 3269 899 3335 illa
922 3291 1018 3356 quam
1048 3277 1116 3336 tam
1139 3271 1271 3357 egregia
1293 3279 1361 3336 arte

286 3382 431 3468 primum
461 3382 659 3468 produxerat
689 3390 785 3468 poeta
816 3404 924 3448 amore
954 3382 1166 3468 languentem
1197 3389 1230 3448 et
1258 3407 1361 3469 paene
1430 3399 1434 3407 “

287 3496 449 3562 furentem
472 3495 657 3561 mulierem!

335 3608 398 3674 Sed
422 3630 463 3673 ne
486 3609 521 3671 in
545 3607 693 3694 ingrato,
718 3630 783 3696 quo
806 3632 893 3676 nuno
915 3609 1054 3696 fungor,
1069 3611 1212 3697 censoris
1228 3632 1361 3678 munere

288 3723 422 3788 modum
455 3723 624 3806 excedam,
652 3725 748 3810 plura
771 3746 837 3790 non
860 3723 993 3791 afferam
1016 3726 1176 3811 exempla,
1200 3732 1361 3791 caeterum
1448 3723 1452 3732 '

288 3837 446 3904 facillima
468 3836 623 3922 collecta,
648 3860 723 3903 oum
746 3839 802 3904 vix
826 3838 894 3906 ulla
917 3839 961 3904 sit
984 3839 1105 3924 pagina
1128 3823 1305 3924 Euripides
1327 3838 1361 3900 in

323 4145 330 4176 ¹
366 4145 508 4194 videantur
531 4144 607 4208 primi
632 4157 721 4194 versus
742 4145 888 4210 Iphigeniae
904 4147 1064 4207 Aulidcnsis,
1080 4146 1150 4212 cnjus
1166 4147 1266 4196 initium
1282 4155 1361 4198 coete-

289 4234 377 4299 roqu'rn
394 4235 529 4283 multarum
546 4233 686 4283 fabularum
703 4234 896 4298 Euripideamm
912 4237 1064 4300 expositioni
1080 4243 1207 4301 praestare
1224 4236 1362 4287 mihividc·

291 4335 343 4383 tur,
365 4324 411 4372 etsi
428 4337 477 4372 non
493 4321 578 4372 nescio
594 4337 668 4386 quam
684 4323 782 4374 diverse
799 4325 930 4375 statuerint
946 4326 993 4375 viri
1009 4326 1076 4376 docti
1092 4328 1122 4375 de
1139 4326 1185 4376 hoc
1201 4328 1316 4388 exordio;
1332 4327 1365 4376 cf.

291 4413 352 4476 cap.
370 4413 439 4462 VIII
457 4412 522 4460 med.
