3216 5154
785 423 826 484 27

270 607 347 669 Tam
368 605 523 671 iracunda
545 609 679 690 apparet
702 605 810 686 duno,
828 613 865 670 ut
890 607 962 690 ipsa
978 610 1107 676 Λύσσα,
1121 605 1154 669 in
1169 606 1341 670 Herculem

270 719 434 801 immissa,
472 719 601 782 horreat
634 718 704 781 dira
737 717 805 803 ejus
833 719 987 784 mandata
1015 725 1047 784 et
1072 719 1183 804 regina
1206 719 1286 784 coeli
1310 743 1345 784 se

269 832 433 897 mitiorem
457 832 616 897 ostendat.
659 831 745 911 Quid
772 853 846 896 vero
868 832 1019 897 audimus
1043 833 1219 897 Herculem
1232 832 1343 898 dioen-

270 952 357 1029 tem,
395 954 568 1034 postquam
605 967 622 1008 e
654 943 748 1009 fatali
780 943 886 1008 furore
919 945 1157 1033 adnsanitatem
1185 967 1343 1027 reversae,

270 1059 368 1145 longa
381 1059 526 1124 oratione
538 1057 670 1123 deflevit
681 1078 762 1142 quae
774 1056 920 1121 ediderat
931 1057 1060 1122 funera?
1070 1058 1133 1141 (vs.
1149 1061 1230 1121 1341
1244 1059 1343 1142 sqq.):

432 1200 493 1282 ἐγὼ
517 1194 547 1263 δὲ
570 1201 644 1272 τοὺς
667 1195 758 1270 θεοὺς
780 1193 850 1260 οὔτε
872 1195 973 1282 λέκτρ’
995 1194 1013 1260 ii
1036 1197 1077 1271 μὴ
1101 1194 1184 1277 θέμις
1231 1245 1234 1251 .

433 1304 572 1387 στέργειν
596 1301 729 1383 νομίζω,
752 1297 848 1384 δεσμά
870 1302 896 1366 τ’
919 1300 1059 1374 ἐξάπτειν
1081 1309 1190 1387 χεροῖν

432 1405 497 1470 οὔτ’
519 1404 639 1482 ἠξίωσα
661 1408 781 1471 πώποτ’
804 1406 873 1472 οὔτε
896 1412 1057 1489 πείσομαι,

433 1507 499 1576 οὐδ’
521 1511 626 1576 ἄλλον
646 1510 750 1576 ἄλλον
773 1509 927 1586 δεσπότην
947 1514 1119 1596 πεφυκέναι·

434 1613 527 1682 δεῖται
547 1619 611 1703 γὰρ
633 1621 651 1682 ὁ
675 1616 764 1692 θεός,
787 1618 869 1704 εἴπερ
891 1617 952 1681 ’ἐστ’
973 1617 1075 1689 ὄντως
1098 1613 1182 1690 θεός,
1240 1623 1242 1628 '

434 1716 574 1796 οὐδενός·
598 1717 714 1786 ἀοιδῶν
737 1719 800 1787 οἵδε
823 1720 971 1796 δύστηνοι
993 1723 1099 1804 λόγοι·

271 1847 375 1933 Atqui
418 1849 464 1912 s'ie
508 1849 598 1934 loqui
632 1871 696 1914 non
733 1855 840 1943 potest
877 1849 1052 1932 Hercules,
1097 1848 1226 1933 saepius
1265 1849 1345 1912 iram

271 1960 413 2025 Junonis
442 1966 593 2046 expertus
628 1973 661 2026 et
697 1984 782 2027 nune
808 1961 930 2027 recenti
952 1962 1081 2046 piaculo
1105 1984 1161 2046 per
1182 1961 1250 2046 ejus
1274 1962 1346 2026 vin-

273 2073 393 2138 dictam
418 2075 611 2159 obstriotus,
638 2077 694 2141 sed
706 2078 803 2142 verba
816 2053 894 2141 sunt
906 2075 1009 2160 ipsius
1022 2083 1137 2161 poetae
1149 2075 1345 2161 philosophi,

273 2210 369 2272 quem
390 2189 468 2252 dum
492 2189 526 2251 in
550 2185 677 2263 ἀοιδοὺς
701 2185 875 2264 duorumve
893 2187 1058 2252 invehitur
1073 2188 1136 2252 sibi
1147 2187 1212 2272 ipsi
1224 2193 1347 2251 stoma-

273 2301 361 2366 ehari
386 2301 506 2366 dixeris
536 2301 621 2386 quod
640 2301 710 2386 jam
734 2324 790 2387 per
810 2309 859 2366 tot
883 2323 993 2366 versus
1017 2301 1202 2386 improbum
1227 2322 1346 2364 numen

273 2414 475 2499 depinxerit,
498 2437 572 2480 oum
595 2437 670 2479 vera
694 2413 764 2498 ejus
787 2413 951 2479 sententia
973 2415 1173 2498 exprimatur
1196 2414 1256 2478 hoo
1272 2413 1347 2498 pul-

273 2528 347 2593 chro
371 2529 548 2594 versiculo:
1067 2507 1070 2514 ¹

440 2671 461 2732 ri
483 2666 548 2732 drot
566 2695 593 2731 τι
616 2666 732 2754 δρῶσιν
755 2672 976 2754 αἰσχρόν,ὀιίκ
996 2672 1073 2734 εἰσὶν
1095 2668 1161 2749 θεοί
1172 2669 1192 2724 ¹·

275 2798 338 2864 Sed
372 2795 481 2882 opinio
508 2795 585 2878 illa,
611 2818 708 2882 quam
729 2797 802 2882 quis
824 2804 922 2884 neget
945 2820 1053 2862 veram
1081 2804 1114 2862 et
1137 2797 1234 2882 longe
1257 2819 1349 2882 prae-

275 2911 465 2976 stantiorem
498 2931 568 2974 esse
600 2911 713 2994 mytho
736 2911 878 2976 Junonis
905 2911 1110 2996 implacabile
1133 2910 1244 2993 odium
1267 2912 1348 2976 refe-

274 3029 384 3107 rente,
410 3023 513 3107 ipsius
536 3023 695 3088 dramatis
720 3023 874 3089 materiae
894 3031 928 3089 et
949 3030 1129 3090 structurae
1149 3024 1346 3088 adversatur.

276 3138 312 3203 Si
340 3137 386 3202 dii
421 3157 484 3200 non
524 3141 602 3201 sunt
639 3135 798 3226 adulteri,
827 3137 983 3202 Hercules
1009 3159 1048 3202 ex
1073 3137 1166 3201 Jovis
1191 3136 1349 3201 adulterio
1377 3215 1379 3220 Α

276 3272 333 3315 nee
368 3250 457 3315 nasei
491 3249 600 3334 potuit
632 3272 690 3315 neo
725 3250 851 3316 Junoni
886 3273 922 3316 eo
957 3250 1240 3346 nomineinvisus
1262 3271 1347 3314 esse:

274 3384 315 3427 en
338 3363 446 3447 ipsum
469 3364 554 3448 perit
569 3371 799 3450 argumentum
814 3365 998 3451 tragoediae
1011 3387 1109 3451 quam
1122 3366 1175 3450 agi
1189 3365 1346 3429 videmus.

277 3478 364 3544 Scire
388 3476 506 3560 velim,
533 3478 610 3563 quid
632 3478 711 3542 talia
735 3478 904 3544 audientes
935 3479 999 3544 sibi
1023 3479 1197 3564 eogitarint
1224 3487 1349 3563 speeta-

276 3601 381 3673 tores,
407 3613 488 3676 quos
509 3591 572 3655 nisi
588 3590 796 3666 κολοκύνταις
817 3591 986 3673 λημῶντας
999 3614 1128 3657 neeesse
1140 3592 1205 3656 fuit
1217 3591 1348 3674 sentire,

275 3729 294 3768 a
316 3704 457 3790 bilingui
481 3712 577 3789 poeta
603 3705 665 3770 sibi
690 3705 786 3769 verba
810 3705 889 3769 dari.

290 4077 293 4083 .
310 4040 315 4070 ¹
352 4040 421 4089 Stob.
443 4041 496 4096 100,
514 4042 530 4088 4
548 4039 647 4102 (fragm.
666 4041 716 4088 300
732 4040 834 4102 Wagn,
852 4041 902 4088 294
914 4039 981 4087 Dind
993 4042 1009 4102 l.
1020 4041 1041 4088 E
1052 4039 1245 4102 Bellerophonte
1255 4041 1350 4088 desum·

276 4137 315 4176 tus
332 4140 369 4177 est
385 4143 482 4186 versus,
500 4143 572 4191 quem
591 4128 666 4176 etiam
683 4128 833 4178 Plutarchus
851 4140 876 4176 et
892 4130 910 4179 J
914 4129 1008 4177 ustinus
1025 4128 1139 4178 afferunt.

308 4217 401 4272 Confer
418 4219 493 4266 etiam
510 4232 524 4266 e
542 4217 686 4265 Peliadibus
704 4217 768 4265 hune
785 4217 866 4266 locum
885 4216 985 4280 (fragm.
1003 4219 1053 4267 000
1070 4218 1171 4281 Wagn,
1189 4220 1237 4267 609
1255 4218 1350 4280 Dind.):

469 4307 513 4354 οὐκ
530 4307 581 4354 ἔστι
601 4307 632 4354 τὰ
650 4307 713 4355 θεῶν
731 4305 799 4364 ἄδικ’,
818 4307 844 4354 ἐν
862 4307 1017 4369 ἀνθρώποισι
1036 4307 1059 4355 di

469 4400 555 4452 κακοῖς
573 4398 700 4445 νοσοῦντα
717 4396 840 4460 σύγχυσιν
858 4397 959 4454 πολλὴν
976 4397 1033 4459 ἔχει.

276 4495 301 4534 ot
319 4485 430 4548 [phigen.
449 4487 526 4534 Taur.
545 4501 580 4533 vs.
598 4487 645 4534 391
664 4486 688 4532 in
707 4486 866 4535 annotatione
884 4486 965 4548 prima
982 4487 1106 4549 sequentis
1122 4487 1234 4549 paginae.
