3222 5170
790 443 870 458 ῃ

324 597 380 657 §A
405 589 451 645 dur
479 596 636 658 tragoediae,
659 607 748 656 parum
769 597 882 657 tragisse
898 602 995 658 tamen,
1013 599 1142 661 scripserit

402 685 549 746 Euripides,
566 699 624 748 pag.
641 685 748 734 34-38.

434 773 523 836 Inepte
546 771 679 835 explicatio
699 787 760 836 pag.
775 773 815 822 34.
832 773 980 837 Euripidem
997 776 1142 825 necessitate

403 865 508 927 quadam
520 866 632 912 eoactum
647 876 674 912 se
684 863 816 912 contulisse
824 865 855 912 ad
863 879 925 928 opus
932 866 1055 928 tragicum
1063 881 1087 928 p.
1096 869 1143 927 34;

400 953 453 1017 ejus
477 955 590 1003 dramata
606 953 688 1001 vicine
705 967 758 1002 esse
774 954 915 1004 comoediae
931 970 1011 1006 novae
1027 971 1084 1020 pag.
1101 958 1142 1015 35,

367 1057 371 1065 ’
401 1052 429 1092 ut
445 1041 582 1091 ostenditur
598 1056 631 1090 ex
648 1041 709 1091 Ione
725 1057 781 1105 pag.
798 1043 831 1092 36
848 1057 900 1106 sqq.

291 1185 441 1251 CAPUT
463 1187 527 1251 ΙΠ.
575 1186 749 1272 Euripides
777 1188 1009 1276 πολυμήχανος
1016 1238 1114 1255 .....
1122 1213 1196 1277 pag.
1213 1195 1359 1293 39-51.

320 1315 334 1375 s
352 1315 378 1361 ι.
402 1313 575 1375 srstepueme
590 1313 642 1363 nes
657 1316 705 1364 rue
721 1296 891 1378 pertinentes,
907 1331 963 1380 ρας.
980 1317 1087 1368 39-43.

431 1401 487 1451 Hoe
502 1402 629 1466 Euripidis
647 1405 738 1453 vitium
753 1405 819 1454 uude
837 1403 939 1455 fluxerit
954 1421 1012 1470 pag.
1027 1407 1072 1465 39;
1087 1422 1139 1458 sae-

399 1491 454 1555 pius
469 1492 500 1539 eh
517 1491 686 1555 Aristophane
709 1495 818 1543 derisum
835 1508 892 1558 pag.
909 1495 942 1544 39
959 1510 1009 1559 sq,
1029 1511 1139 1560 praesar-

400 1581 446 1630 tim
463 1582 489 1630 in
505 1582 766 1646 Thesmophoriarusie
783 1599 841 1648 pag.
857 1586 891 1634 40
906 1599 959 1649 sqq.

250 1686 252 1700 ·
319 1671 333 1732 ξ
348 1671 376 1720 2.
399 1672 434 1722 lte
451 1673 555 1723 erimine
570 1673 721 1724 inventionis
737 1674 811 1736 nimis
827 1674 981 1736 multiplicis,
993 1690 1017 1739 p.
1032 1677 1137 1729 43-47.

431 1761 484 1812 Cur
507 1763 589 1810 unitas
614 1762 641 1810 in
666 1770 719 1811 arte
738 1762 770 1811 sit
793 1762 934 1812 necessaria
949 1778 1006 1827 pag.
1023 1765 1056 1814 43
1072 1779 1135 1829 sqq,

396 1850 545 1899 nominatim
561 1851 587 1899 in
602 1851 732 1914 tragoedia
747 1866 804 1914 pag.
822 1853 867 1908 453
883 1852 909 1900 id
924 1852 1070 1916 Euripidem
1086 1867 1137 1902 non

396 1955 495 2003 semper
512 1941 655 1990 meminisse
671 1940 741 2000 ibid..
758 1943 823 2005 quod
839 1943 1021 1992 demonstretur
1035 1957 1068 1991 ex
1084 1943 1138 2006 ejus

397 2030 513 2080 dramatis
528 2046 587 2095 pag.
604 2031 637 2080 46
652 2045 688 2094 sq.
968 2075 970 2080 .

316 2122 329 2182 5
345 2121 373 2169 3.
396 2121 433 2170 lie
450 2121 554 2170 erimine
569 2120 722 2172 inventionis
737 2120 812 2169 nimie
823 2120 942 2182 pallidae,
960 2137 1015 2185 pag.
1030 2123 1135 2174 48-51.

426 2209 556 2273 Exempla·
582 2224 616 2260 ex
646 2209 758 2274 pluribus
791 2211 918 2274 Euripidis
945 2209 1034 2261 fabulis
1058 2213 1136 2276 petita

395 2312 452 2364 pag'.
468 2300 502 2349 48
517 2314 581 2364 sqq.;
606 2299 702 2348 somnia
717 2315 775 2364 pag.
791 2299 825 2349 50
840 2314 888 2364 sq;
906 2301 1061 2351 interventus
1078 2303 1134 2352 deo·

395 2405 452 2438 rum
468 2405 526 2454 pag.
543 2390 582 2439 51.

284 2519 432 2586 CAPUT
453 2519 510 2584 IV.
560 2518 734 2604 Euripides
750 2519 785 2585 in
798 2541 894 2586 scena
904 2519 1119 2607 philosophus
1141 2554 1157 2588 e
1185 2495 1188 2500 Ι
1205 2526 1280 2588 52-
1293 2526 1360 2589 66.

425 2645 555 2696 Seeessum
579 2651 605 2694 et
629 2645 705 2695 libros
721 2646 819 2695 amabat
835 2661 891 2710 pag.
908 2649 950 2698 52.
966 2648 1011 2698 An
1026 2649 1134 2713 philoso-

394 2735 468 2799 phiae
484 2736 592 2784 naturali
608 2736 715 2785 multum
731 2735 831 2786 deberet
847 2751 904 2800 pag.
921 2739 953 2786 53
966 2752 1002 2802 sq.
1017 2739 1133 2788 Facetias

281 2839 287 2850 ·
394 2825 569 2889 Aristophanis
585 2813 642 2890 pag.
651 2827 684 2876 54
696 2841 748 2891 sqq.
765 2827 950 2878 Sententiarum
961 2826 1061 2878 ubertas
1068 2831 1132 2892 apud

392 2915 538 2978 Euripidem
562 2931 618 2979 pag.
643 2917 676 2966 ts
692 2930 736 2979 sq..
754 2930 885 2980 perperam
901 2932 916 2965 a
932 2917 1016 2966 multis
1032 2917 1132 2967 laudata

391 3021 449 3070 pag.
476 3007 510 3055 60
533 3021 569 3069 sq.
602 3004 666 3067 Ejus
690 3021 853 3069 personarum
877 3008 948 3056 doute
968 3007 1013 3056 sed
1029 3005 1133 3058 molesta

390 3096 524 3160 loquacitas
551 3110 609 3159 pag.
633 3097 662 3145 61
690 3111 742 3160 sqq.
761 3096 938 3160 Philosophiae
954 3097 1086 3146 ostentatio
1103 3099 1129 3146 in

391 3186 513 3250 Euripide
529 3201 578 3236 nou
595 3187 721 3250 probanda
736 3201 794 3251 pag.
811 3188 844 3236 65
860 3202 896 3251 sq.

279 3281 428 3383 CAPUT
448 3315 490 3381 V.
538 3314 712 3416 Euripides
733 3315 770 3380 in
793 3336 890 3380 scena
910 3315 1019 3380 rhetor
1026 3358 1126 3380 .....
1135 3345 1151 3382 e
1200 3321 1347 3385 67-83.

423 3442 507 3506 Hujus
524 3442 634 3492 criminis
650 3443 762 3507 gravitas
775 3457 831 3506 pag.
846 3442 885 3494 67.
901 3442 1024 3493 Rhetorss
1036 3443 1131 3492 civitati

390 3532 540 3583 Atheniensi
557 3547 681 3582 summam
697 3533 823 3582 invexisse
839 3533 976 3596 perniciem
992 3549 1016 3597 p.
1033 3535 1066 3583 68
1079 3547 1131 3599 sqq.

389 3621 501 3672 Dieteria
525 3621 701 3684 Aristophanis
717 3637 774 3686 pag.
791 3624 825 3676 70
841 3637 892 3686 sqq.
919 3623 992 3672 Artis
1008 3623 1129 3673 oratoriae

389 3711 477 3760 erebra
492 3712 559 3774 apud
575 3711 722 3775 Euripidem
744 3711 853 3774 vestigia
869 3726 927 3775 pag.
944 3712 990 3770 7s;
1006 3712 1128 3762 orationes

388 3800 477 3850 iebulis
493 3800 652 3864 intermixtae
660 3815 717 3864 pag.
729 3800 774 3859 76;
791 3799 885 3864 dialogi
895 3799 976 3850 iorum
985 3801 1128 3864 resipientes

388 3907 445 3956 pag.
470 3891 503 3943 76
528 3905 577 3954 sq;
601 3891 710 3953 speciosa
734 3897 883 3954 argumenta
899 3905 945 3954 pro
961 3890 1032 3939 malis
1047 3893 1126 3941 causis

387 3995 445 4045 pag.
462 3980 507 4040 78;
524 3981 607 4029 nuncii
620 3981 720 4030 everboei
736 3995 793 4043 pag.
809 3982 842 4032 79
853 3995 902 4044 eq.;
919 3980 1126 4044 nugaeetymolo-

387 4069 457 4134 gisae
485 4083 543 4132 pag.
566 4069 600 4118 80
624 4083 678 4133 sqq.
710 4069 880 4132 Aliquatenue
904 4076 987 4118 temen
1014 4068 1127 4132 Euripidi

387 4159 565 4222 ignoscendum
581 4173 638 4221 pag.
654 4159 687 4208 82
703 4172 738 4221 sq.

277 4274 424 4340 CAPUT
447 4238 506 4339 Vi.
556 4274 730 4359 Euripides
746 4295 874 4338 morum
894 4278 1077 4358 corruptor.
1092 4305 1149 4338 ..n
1197 4279 1345 4345 84-90.

419 4387 486 4436 Mira
509 4389 643 4448 oeeueatio,
666 4375 779 4452 'profesta
790 4387 825 4436 'ab
840 4387 1009 4452 Aristophane
1025 4401 1076 4436 non
1092 4387 1127 4436 its
1185 4419 1187 4424 ,

388 4484 456 4526 casto
479 4484 554 4540 poeta
579 4493 637 4542 pag.
662 4479 695 4528 84
712 4494 747 4542 sq.
765 4478 829 4539 Quid
846 4486 929 4527 umen
944 4477 989 4528 sub
1006 4492 1036 4527 aa
1052 4477 1127 4526 lateat
