3216 5154
791 435 940 528 sev

271 618 374 684 veluti
398 617 590 683 eruditionis
621 618 784 704 specimen
816 617 938 702 profert
963 617 1218 703 disputationem
1241 615 1349 701 philo-

272 730 439 817 sophicam
462 731 502 796 de
525 731 631 797 causis
654 731 785 816 pluviae
808 738 841 796 et
864 731 1016 811 tonitrus,
1032 730 1229 796 illustratam
1241 750 1350 794 exem-

272 844 336 929 plis
363 867 380 910 e
403 845 473 910 vita
496 845 687 932 quotidiana
709 845 822 930 petitis
847 844 908 929 (vs.
936 846 1138 929 368-411).

320 957 450 1024 Satisne
485 958 658 1024 manifeste
695 958 746 1024 his
781 958 861 1024 locis
895 958 1036 1024 comicus
1075 957 1217 1023 declarat
1253 977 1351 1040 quam

273 1068 410 1135 ridicula
440 1075 474 1136 et
503 1092 588 1137 vana
616 1071 645 1136 ei
670 1071 820 1137 videatur
843 1070 901 1135 illa
925 1069 1146 1155 sophistarum
1169 1067 1352 1154 sapientia?

273 1183 347 1249 Non
372 1190 452 1268 puto
476 1205 557 1270 opus
582 1207 653 1252 esse
675 1190 714 1250 ut
736 1207 777 1250 ex
799 1183 869 1270 ejus
894 1183 1000 1250 verbis
1016 1183 1236 1249 demonstrem
1253 1203 1351 1267 quam

274 1295 405 1381 penitus
440 1297 669 1382 contemserit,
703 1298 765 1364 hac
796 1318 923 1382 quoque
953 1296 987 1361 in
1011 1301 1121 1382 parte,
1146 1317 1227 1382 quos
1250 1315 1352 1359 novae

223 1403 226 1418 '
274 1409 440 1475 doctrinae
467 1410 636 1476 thesauros
660 1431 695 1474 se
719 1408 890 1476 reclusisse
913 1409 1166 1476 Atheniensium
1185 1407 1353 1492 juventuti

273 1522 415 1608 gloriose
432 1522 605 1609 jactabant
628 1522 779 1608 magistri
811 1522 861 1587 illi
893 1524 983 1610 queis
1013 1523 1098 1589 nihil
1128 1522 1351 1608 incognitum,

275 1635 314 1701 de
347 1635 465 1722 quibus
500 1636 579 1722 quid
613 1634 751 1701 senserit
785 1636 836 1702 his
869 1636 1033 1703 Plautinis
1066 1634 1211 1700 versibus
1244 1633 1355 1719 expri-·

275 1771 362 1815 mere
379 1749 477 1835 juvat
494 1751 520 1812 ⁴:

365 1911 485 1980 Omnia
508 1932 542 1976 se
566 1909 725 1975 simulant
749 1908 830 1975 scire
854 1931 958 1996 neque
982 1911 1155 1996 quicquam
1180 1911 1295 1976 sciunt.

367 2013 461 2104 Quod
484 2024 621 2110 quisque
644 2023 678 2088 in
703 2024 813 2090 animo
837 2024 936 2090 habet
959 2033 1017 2090 aut
1036 2025 1223 2104 habiturust
1235 2025 1352 2091 sciunt.

366 2252 455 2332 Quae
478 2273 583 2337 neque
605 2251 738 2315 fuerunt
761 2272 865 2337 neque
889 2255 967 2316 sunt
991 2257 1100 2316 tamen
1126 2251 1175 2315 illi
1199 2251 1316 2316 sciunt.

323 2430 362 2493 ln
387 2428 575 2495 universum
594 2416 710 2493 autem
734 2427 971 2513 Aristophanes
995 2449 1110 2512 parum
1135 2449 1257 2514 aequus
1273 2429 1355 2494 mihi

278 2541 405 2606 videtur
437 2542 477 2606 de
510 2541 561 2606 his
585 2541 680 2606 rebus
700 2539 803 2626 judex
826 2539 946 2622 fuisse,
971 2541 1028 2605 sed
1052 2540 1109 2606 ubi
1132 2541 1173 2607 de
1197 2541 1355 2628 Euripide

277 2655 386 2739 agitur
409 2653 507 2738 plane
531 2653 561 2718 ei
584 2652 854 2738 adstipulaudum
879 2674 1010 2735 oense0,
1029 2653 1171 2739 graviter
1187 2654 1270 2719 illud
1280 2656 1355 2740 phi-

278 2766 445 2852 losophiae
469 2765 615 2832 studium
640 2765 854 2853 vituperanti:
872 2766 971 2851 hujus
983 2766 1072 2832 enim
1085 2767 1267 2851 tragoedias
1279 2767 1355 2834 iude

238 2862 240 2866 Ι
278 2882 354 2966 plus
378 2881 495 2946 damni
515 2902 612 2968 quam
636 2879 719 2946 lucri
742 2879 893 2946 retulisse
916 2881 1063 2946 arbitror.
1098 2880 1212 2946 Musae
1235 2902 1355 2966 cogna-

279 3001 332 3062 tae
363 3000 442 3062 sunt
473 2993 687 3080 Sapientiae,
711 3002 745 3060 et
776 2993 912 3080 proinde
938 3001 1053 3080 poetse
1076 2993 1234 3060 conducet
1256 2996 1356 3061 simul

280 3129 350 3174 esse
382 3107 515 3192 sophiae
549 3106 684 3190 cultori,
717 3107 774 3173 sed
805 3129 871 3173 non
894 3130 932 3174 eo
955 3129 1071 3192 seusu,
1097 3114 1135 3173 ut
1158 3110 1354 3177 carminibus

280 3244 378 3309 quam
412 3221 516 3307 possit
548 3222 753 3308 saepissime,
778 3223 881 3288 veluti
904 3223 1074 3308 sapphiros
1098 3228 1142 3288 et·
1155 3225 1354 3310 smaragdos,

281 3335 459 3401 admisceat
485 3335 573 3402 dicta
595 3337 829 3423 philosophica.
879 3337 1168 3404 Verumenimvero
1193 3341 1220 3404 si
1244 3340 1355 3406 afflatu

280 3448 407 3534 poetico
431 3470 558 3533 semper
580 3448 666 3515 inter
689 3449 895 3516 scribendum
912 3449 1065 3516 caluisset
1082 3450 1272 3536 Euripides,
1291 3476 1356 3518 non

160 3639 162 3642 ¹
281 3571 332 3631 tot
364 3563 536 3631 sententiis
567 3563 771 3629 abundarent
801 3563 875 3649 ejus.
899 3585 1003 3649 opera
1055 3564 1119 3645 Qui
1142 3574 1230 3630 certo
1251 3567 1356 3652 gradu

281 3677 427 3763 procedit
450 3677 492 3744 ad
515 3699 648 3764 scopum
673 3700 769 3763 quem
793 3679 997 3764 propositum
1013 3678 1074 3743 sibi
1093 3677 1181 3744 videt
1204 3687 1238 3746 et
1259 3702 1355 3766 quem

282 3792 443 3876 attingere
476 3791 584 3876 eupit,
615 3812 680 3855 uon
713 3789 808 3856 facile
840 3790 880 3856 de
912 3790 966 3855 via
997 3790 1174 3868 aberrabit3
1208 3790 1258 3856 sin
1283 3793 1355 3878 quis

282 3904 473 3970 ambulandi
495 3904 604 3989 potius
628 3927 725 3970 causa
747 3925 894 3990 egressus
918 3910 985 3987 est,
1011 3925 1074 3989 quo
1093 3905 1205 3969 tendat
1222 3905 1277 3969 vix
1293 3906 1356 3971 sibi

283 4017 449 4101 conscius,
472 4017 652 4083 identidem
676 4017 716 4083 de
739 4018 857 4082 semita
872 4017 996 4082 videbis
1013 4016 1180 4082 deflectere
1196 4025 1234 4082 ut
1244 4019 1356 4085 florem

285 4137 410 4217 carpat,
439 4130 491 4196 vel
514 4132 593 4197 dum
616 4137 690 4197 adra
712 4137 745 4196 et
769 4131 872 4197 nubes
896 4132 1136 4217 contempletur
1159 4131 1354 4217 subsistere,

285 4245 405 4312 interea
429 4245 501 4312 viae
523 4268 605 4332 quae
630 4245 770 4312 tenenda
793 4251 861 4311 erat
885 4267 987 4331 paene
1012 4245 1161 4310 oblitum.
1195 4245 1248 4312 Sic
1266 4248 1357 4312 nulla

284 4382 422 4444 persona
457 4361 634 4448 Euripides
667 4361 700 4426 in
735 4383 769 4427 re
804 4367 872 4426 tam
907 4359 999 4446 gravi
1035 4359 1085 4425 vel
1121 4366 1189 4425 tam
1214 4361 1356 4446 ancipite

318 4511 325 4542 ¹
360 4512 474 4562 Plautino
491 4514 543 4563 loco
561 4514 590 4562 dc
608 4514 697 4562 scurris
714 4527 794 4562 sermo
812 4521 856 4562 est.
889 4512 1029 4562 Trinumm.
1048 4527 1082 4560 vs.
1099 4513 1149 4562 205
1165 4525 1216 4575 sqq.
