3216 5154
771 399 812 458 4¹9

250 575 334 640 ricae
358 575 488 642 Athene
513 600 552 642 ex
570 601 666 644 scena
677 579 854 664 alloquitur
867 578 1015 645 Orestem
1033 603 1097 646 non
1113 587 1327 666 praesentem,

252 710 293 752 ne
309 689 522 773 conspicuum
535 691 678 776 quidem,
694 693 750 758 sed
767 714 861 777 quem
875 693 986 777 procul
1004 694 1037 758 in
1056 716 1192 779 aequore
1209 695 1328 760 scimus

251 803 448 888 navigares

411 916 514 991 κλύεις
536 917 599 1004 γὰρ
622 915 731 994 αὐδήν,
753 923 861 1004 καίπερ
884 921 922 983 οὐ
943 921 1063 1006 παρών,
1087 919 1168 995 θεᾶς-

250 1036 347 1100 Hunc
371 1057 499 1102 versum
526 1038 599 1104 ideo
623 1038 753 1104 Athene
776 1038 918 1124 profert,
947 1044 985 1103 ut
1013 1060 1051 1102 ea
1077 1060 1159 1124 quae
1181 1038 1327 1124 proxime

249 1157 443 1235 sequuntur,
470 1151 511 1215 ad
536 1151 684 1217 Orestem
708 1151 907 1236 pertinentia
931 1150 1022 1216 etin
1037 1151 1242 1216 Athenarum
1254 1152 1327 1237 glo-

248 1262 330 1327 riam
354 1263 482 1346 addita,
507 1264 676 1330 commode
700 1239 829 1350 possint
852 1264 1006 1342 enarrari3
1036 1264 1093 1330 sed
1119 1271 1187 1330 tarn
1209 1264 1325 1329 miram

247 1375 432 1460 fictionem,
468 1377 610 1444 comicae
645 1379 760 1444 itidem
789 1400 904 1444 scenae
932 1379 1071 1443 fortasse
1100 1378 1325 1447 accommoda-

248 1496 316 1553 tam
334 1489 357 1572 ¹,
380 1490 453 1576 quis
477 1491 593 1576 probet
608 1494 640 1556 ΞΡ
674 1491 749 1556 Non
772 1491 894 1578 majore
913 1491 1009 1556 lande
1021 1491 1123 1578 digna
1137 1491 1220 1556 mihi
1235 1491 1325 1556 vide-

247 1607 300 1667 tur
329 1601 451 1688 frigida
474 1603 637 1687 sollertia,
662 1626 727 1690 qua
750 1610 847 1689 poeta
869 1603 904 1668 in
929 1603 1007 1668 Ione
1030 1609 1142 1668 narrat
1163 1604 1341 1697 quomodo
1368 1617 1371 1624 '

246 1716 438 1802 crepundia,
471 1739 529 1803 per
561 1739 643 1803 quae
669 1717 1028 1809 juvenis-agnoscitur,
1056 1717 1180 1784 intacta
1202 1716 1325 1782 fuerint

246 1831 287 1903 ah
310 1830 466 1915 Apolline
490 1837 618 1897 servata
632 1835 661 1909 8;
686 1837 867 1918 praestaret
878 1831 919 1896 de
930 1853 968 1896 ea
983 1852 1017 1896 re
1029 1830 1162 1897 omnino
1173 1831 1322 1897 tacuisse.

246 1943 358 2008 Etiam
391 1943 577 2026 columbae,
611 1966 670 2029 per
699 1966 778 2031 quas
802 1943 962 2009 nefarium
987 1942 1126 2009 Creiisae
1149 1944 1324 2010 consilium

246 2057 426 2142 detegitur,
462 2078 534 2122 meo
557 2079 665 2123 ‘sensu
700 2057 831 2143 longius
862 2080 882 2122 a
910 2062 1007 2142 poeta
1038 2065 1116 2122 sunt
1139 2057 1322 2122 arcessitae.

247 2171 286 2235 In
311 2170 442 2236 Electra
465 2191 593 2256 quoque
616 2170 839 2255 compluscula
861 2175 939 2236 sunt
952 2175 1151 2258 πανουργίας
1163 2169 1321 2255 exempla.

248 2284 359 2349 Primo
393 2283 464 2348 loco
497 2283 561 2349 huc
594 2283 695 2349 refero
728 2283 880 2349 heroinae
911 2283 1045 2376 fictitias
1077 2304 1151 2350 cum
1172 2284 1323 2369 Auturgo

247 2397 391 2483 nuptias.
433 2397 587 2484 Tragioae
618 2418 712 2482 porro
742 2396 899 2483 gravitati
927 2419 1043 2482 parum
1070 2403 1322 2462 consentaneam

235 2497 327 2576 'duco
357 2517 460 2576 artem
489 2531 554 2595 qua
581 2509 840 2595 Agamemnonis
873 2510 968 2575 liberi
999 2514 1138 2575 utuntur
1162 2517 1199 2574 ut
1222 2509 1323 2596 Aegi·

245 2624 358 2690 sthum
369 2624 586 2710 inprimisque
597 2624 891 2708 Clytaemnestram
904 2623 996 2688 nullo
1009 2628 1179 2709 praesente
1190 2623 1324 2689 custode

245 2745 413 2825 occupent.
452 2738 566 2824 Neque
590 2737 684 2803 video
707 2759 763 2803 cur
786 2736 938 2820 cicatrirr,
955 2737 1118 2824 quaapud
1131 2735 1324 2821 Euripidem

246 2851 377 2918 Orestes
402 2853 554 2918 Electrae
568 2851 725 2936 notescit,
743 2857 913 2936 tantopere
928 2833 1072 2936 praestet
1091 2849 1253 2933 cincinno,
1267 2872 1322 2914 ve-

244 2965 352 3052 stigiis
374 2970 408 3031 et
429 2971 530 3048 veste,
556 2986 638 3051 quae
657 2964 691 3027 in
705 2964 842 3029 eundem
854 2984 950 3029 usum
964 2961 1115 3028 adhibuit
1127 2961 1320 3046 Aeschylus,

244 3079 366 3151 idcirco
391 3079 431 3143 ab
457 3077 615 3163 Euripide
639 3076 758 3143 salsius
783 3098 881 3163 quarn
900 3076 1033 3162 dignius
1051 3076 1176 3141 derisus
1189 3077 1211 3140 ⁴.
1239 3073 1324 3154 Quid

278 3221 285 3252 ¹
304 3222 340 3271 Ut
357 3222 384 3272 in
400 3221 483 3271 Plaut.
500 3220 630 3285 Amphitr.
647 3234 685 3273 rs.
702 3221 751 3274 976
767 3235 803 3286 sq.
820 3221 921 3286 Jupiter
939 3175 1062 3286 loquiuir:

436 3310 511 3358 Nunc
527 3317 555 3358 tu
572 3310 660 3359 divine
677 3310 712 3357 mi
729 3311 779 3359 huc
795 3309 834 3359 fac
852 3310 916 3360 adsis
934 3310 1017 3368 Sosim

440 3399 509 3446 audis
524 3413 588 3461 quac
604 3399 671 3456 dico.
689 3399 788 3449 tametsi
805 3414 922 3463 praesens
939 3413 989 3448 non
1006 3399 1073 3448 sdes.

243 3489 341 3539 Saltem
366 3487 408 3536 hic
432 3489 493 3536 deus
518 3489 673 3548 Mercurius,
697 3502 746 3536 uon
772 3503 832 3538 vero
847 3497 877 3538 ut
893 3489 918 3536 in
935 3489 1061 3552 Euripidis
1076 3489 1130 3538 loco
1148 3488 1323 3538 homodicitur

240 3578 326 3628 audire
342 3591 356 3628 e
372 3577 508 3641 longinquo
524 3578 635 3626 divinam
651 3593 747 3627 vocem.

275 3666 382 3718 ’Plane
399 3666 466 3717 aliud
482 3676 531 3727 est,
548 3682 625 3731 quum
641 3667 744 3718 Athene
761 3666 850 3716 dicitur
868 3667 984 3718 Orestem
1001 3668 1042 3716 vel
1058 3668 1219 3731 elonginquo
1230 3668 1323 3726 audire,

242 3759 334 3810 Aesch.
357 3760 464 3808 Eumen.
483 3772 519 3807 vs.
537 3758 601 3816 297,
619 3758 679 3822 quia

553 3846 622 3896 κλύει
638 3845 663 3896 δὲ
684 3846 724 3894 nol
747 3846 876 3908 πρόσωθεν
896 3846 932 3894 ὢν
948 3845 1013 3902 θεὸς.

275 3935 358 3986 ⁸Ion.
375 3951 413 3986 vs.
432 3937 606 3999 1391-13943
626 3936 795 3986 mss-lass.

184 4079 188 4087 ,
273 4028 283 4058 ⁴
300 4028 394 4078 Elacrr.
410 4043 448 4078 rs.
466 4028 606 4078 608—th.
629 4027 740 4078 “Unicus
756 4033 843 4090 poetae
860 4039 948 4090 scopus
964 4032 1002 4074 est
1019 4025 1177 4090 Aeschylum
1193 4025 1322 4074 irridere.''

243 4117 409 4181 (Maagrave.)
435 4119 569 4182 Euripides
586 4117 708 4181 spectavit
725 4115 846 4180 Aeschyli
867 4117 893 4165 in
908 4115 1064 4179 cacophonos
1082 4115 1322 4164 versus168—1801

144 4248 147 4254 .
241 4209 386 4267 roa-210,
410 4209 456 4258 231
476 4223 513 4272 sq.
540 4209 610 4258 Vere
632 4207 786 4272 Schlegelius
811 4203 1319 4268 (Verltiberdram.KanumLit.12

241 4313 266 4361 p.
281 4297 342 4360 235)
359 4298 389 4346 de
406 4296 454 4346 hoo
467 4296 524 4359 joco
540 4313 629 4362 parum
645 4306 786 4361 opportuno
798 4295 925 4344 observat:
944 4295 1000 4344 “die
1011 4293 1223 4344 ansdriiclrlichste
1237 4293 1320 4342 Rdck-

242 4385 320 4434 “sicht
335 4386 381 4435 auf
394 4386 450 4435 cine
467 4389 544 4436 andre
560 4387 728 4450 Bahandluug
741 4386 868 4436 desselben
879 4384 1065 4449 Gegenstsndes
1075 4384 1108 4432 ist
1118 4384 1162 4432 das
1174 4382 1320 4442 adtendere,

242 4476 343 4525 “aehm
359 4475 447 4524 Possis
465 4475 606 4537 fremdeste,
624 4491 675 4526 was
692 4491 718 4525 es
735 4477 814 4539 geben
831 4474 924 4525 kann.”

1165 4568 1184 4625 4
