3222 5170
794 375 835 436 96

280 563 364 628 inter
387 563 496 648 ipsum
520 567 553 628 et
577 561 768 648 Euripidem
791 561 985 643 ostendens,
1010 564 1175 625 servatum
1198 563 1249 624 est
1264 559 1350 643 apud

278 676 489 742 Aristotelem
529 675 620 744 Poet.
659 696 726 760 cap.
760 679 827 741 ⁴25:
867 673 1035 761 Σοφοκλῆς
1068 673 1138 758 ἔφη,
1171 672 1267 746 αὐτὸς
1296 675 1351 754 μὲν

279 789 367 863 οἵους
389 785 433 853 δεῖ
452 796 566 861 ποιεῖν,
591 785 764 874 Εὐριπίδην
787 785 818 854 δὲ
838 789 899 854 οἶοι
919 790 996 852 εἰσίν
1009 790 1029 850 ¹.
1053 783 1164 849 Estut
1177 782 1350 868 Sophocles

279 897 379 978 dixit3
404 898 461 964 sed
482 898 630 964 homines
655 900 714 964 οἶοι
736 901 796 964 εἰσί
817 918 883 962 non
909 897 989 964 satis
1016 897 1219 962 conveniunt
1237 917 1350 962 scenae

278 1011 435 1096 tragicae,
469 1018 503 1074 et
537 1010 622 1076 male
655 1008 780 1074 factum
812 1009 899 1095 quod
922 1008 1095 1094 Euripides
1120 1009 1233 1074 heroas
1255 1029 1349 1090 suos,

257 1179 265 1198 a,
278 1128 316 1188 ut
337 1122 461 1187 similes
485 1122 633 1188 redderet
657 1099 844 1187 hominibus
857 1121 1073 1206 quotidianis,
1096 1144 1191 1207 saepe
1203 1119 1350 1187 oblivisci

279 1234 384 1320 coegit
394 1257 429 1301 se
440 1224 587 1302 incedere
596 1237 816 1320 cothurnatos,
830 1236 881 1301 vel
895 1235 948 1320 (ut
961 1236 1098 1301 Porsoni
1109 1239 1123 1278 ²
1135 1235 1241 1301 verbis
1255 1258 1349 1322 saepe

278 1348 386 1414 allatis
416 1371 475 1435 ego
499 1371 626 1435 quoque
659 1351 746 1435 utar)
769 1350 995 1435 Melpomenen
1020 1350 1061 1414 ad
1086 1371 1136 1414 res
1156 1350 1349 1415 domesticas

278 1461 426 1527 detrusit
471 1463 542 1528 Aut
564 1463 663 1528 nimis
687 1462 831 1527 multum
852 1462 905 1528 hic
929 1462 1122 1527 innovatum
1149 1466 1207 1526 aut
1224 1483 1347 1548 parum.

280 1578 386 1644 Semel
420 1580 507 1643 enim
539 1579 676 1644 servatis
709 1577 805 1644 claris
843 1579 976 1643 heroum
1013 1577 1216 1662 nominibus,
1250 1575 1349 1641 etiam

274 1713 387 1758 eorum
399 1691 554 1778 dignitati
565 1692 800 1758 consulendum
812 1698 899 1770 erat3
919 1691 971 1757 sin
984 1691 1168 1777 vulgarium
1179 1690 1349 1756 hominum

276 1804 399 1872 similer
422 1805 646 1892 producendae
669 1806 862 1871 videbantur
885 1805 1030 1871 scenicae
1040 1826 1206 1890 personae,
1221 1804 1349 1869 utinam

276 1939 341 1984 non
371 1919 515 2005 regalem
549 1919 646 1984 modo
669 1919 893 2004 chlamydem,
920 1919 977 1984 sed
1006 1941 1082 1984 cum
1105 1919 1226 1984 vestitu
1249 1917 1348 1983 etiam

275 2055 394 2098 nomen
415 2032 623 2114 abstulisset,
658 2037 696 2096 ut
719 2033 753 2096 in
776 2033 991 2098 semideorum
1013 2033 1122 2099 locum
1144 2031 1349 2098 succederent

221 2176 224 2182 ¹
275 2147 374 2213 cives·
395 2147 499 2213 Attici
531 2147 571 2212 de
597 2145 675 2211 -foro
706 2145 758 2211 vel
794 2168 812 2210 e
845 2125 948 2212 demis
971 2145 1102 2212 rusticis
1126 2153 1147 2210 ³.
1181 2145 1345 2230 Apparet,

276 2248 487 2345 Euripidem,
513 2258 720 2325 accedentem
742 2259 783 2324 ad
805 2259 1005 2326 comoediam
1024 2281 1143 2328 novam
1158 2263 1348 2324 nontamen

274 2372 387 2438 relicta
410 2371 509 2437 veteri
528 2370 712 2457 tragoedia,
736 2371 789 2437 hic
811 2393 939 2458 quoque
962 2371 1041 2436 dum
1061 2367 1216 2437 duoartis
1230 2392 1348 2457 genera

274 2486 423 2554 funditus
464 2465 596 2552 diversa·
629 2484 824 2571 conjungere
866 2485 994 2568 studet,
1039 2484 1186 2550 neutrius
1220 2484 1346 2590 legibus

274 2601 478 2667 satisfecisse.

272 2811 382 2875 pertibus
406 2810 514 2870 tabulae,
538 2811 676 2876 cujusmodi
701 2821 761 2863 sunt
784 2813 869 2872 facies,
896 2811 973 2870 oculi,
998 2827 1098 2874 manum
1123 2814 1151 2862 in
1167 2815 1273 2864 vestium
1289 2829 1347 2865 vero

271 2900 423 2950 ornamentis
439 2902 558 2950 desudare
574 2902 655 2951 solent
670 2902 689 2950 ii
706 2903 749 2966 qui
765 2902 861 2967 majora
876 2903 992 2966 perficere
1008 2913 1141 2968 nequeunt.

305 2990 448 3039 Discrimen
472 2991 532 3039 artis
559 2992 712 3059 Aeschyleae
728 3000 753 3041 et
769 2993 919 3056 Euripideae
935 2994 1046 3056 tangitur
1062 2995 1156 3044 Ranar.
1173 3009 1211 3043 ve.
1229 2995 1279 3044 960
1295 3010 1346 3060 sqq.

305 3080 313 3112 ¹
330 3081 370 3130 De
381 3081 451 3144 cujus
461 3081 508 3129 loci
523 3089 591 3131 recta
605 3082 807 3144 interpretatione
823 3084 986 3133 consulendus
1003 3084 1117 3148 Lessing.
1135 3085 1223 3134 Hamb.
1233 3085 1347 3134 Dramat.

271 3168 316 3219 ΝΟ.
333 3171 366 3218 94
382 3169 474 3236 εᾳ.,()1.
491 3185 565 3233 snpra
581 3187 637 3234 pag.
654 3172 686 3221 53
702 3173 759 3222 adn.
781 3173 800 3222 l.

303 3259 314 3290 ²
331 3261 373 3308 Ad
391 3259 485 3311 Orestis
501 3276 537 3309 vs.
555 3261 626 3310 1106.

305 3350 467 3413 ³Eleganter
496 3349 597 3400 Curtius
625 3350 670 3401 Gr.
697 3351 786 3402 Gesch.
810 3351 877 3410 111³,
905 3368 929 3415 p.
956 3355 1001 3406 20:
1027 3353 1099 3402 “Ans
1125 3353 1173 3402 den
1197 3353 1345 3418 gewaltigen

271 3438 541 3498 “Charektermaslrem
568 3441 615 3490 uie
649 3441 685 3492 sie
716 3441 756 3490 ltu
779 3443 820 3492 die
845 3443 972 3493 Gestalten
1001 3445 1043 3492 des
1068 3443 1203 3507 Alschyloe
1227 3443 1346 3494 erfundcn

272 3534 386 3588 “waren,
402 3530 470 3578 tonte
487 3530 527 3579 die
544 3531 627 3580 danne
643 3531 748 3583 Stimrne
765 3546 814 3582 von
831 3531 1066 3596 Alltegsmenschen
1083 3534 1199 3582 hervor.’'
