3222 5170
772 406 833 467 123

267 589 374 666 Quum
407 609 481 652 vero
513 588 676 674 plerique,
710 587 766 673 qui
800 587 950 673 Euripidi
981 593 1038 652 aut
1066 588 1261 672 patrocinati
1284 594 1341 653 aut

266 701 427 766 adversati
461 711 555 786 sunt,
586 703 695 789 potius
720 702 760 767 ab
784 702 992 787 opinionibus
1017 701 1246 788 praejudicatis
1267 724 1342 788 pro-

94 840 97 848 ·
162 883 164 889 ,
266 814 485 880 ficisoerentur
508 837 605 901 quam
630 838 683 881 res
717 816 804 901 ipsas
831 837 1005 901 earumque
1029 837 1142 880 causas
1166 816 1343 901 investiga-

267 933 358 1010 rent,
392 927 530 1013 denique
564 930 627 994 “de
657 930 726 995 vita
747 934 781 995 et
807 931 899 1015 poesi
923 927 1108 1014 Euripidis,
1131 936 1206 1013 post
1227 929 1343 992 imme-

267 1039 439 1105 motabiles
464 1040 603 1106 aliorum
626 1026 780 1123 conatus,
802 1042 927 1126 primus
949 1042 1077 1108 doctius
1100 1048 1133 1108 et
1154 1041 1342 1126 intelligen-

269 1151 334 1217 tius
367 1152 549 1238 disputavit
585 1154 625 1219 G.
665 1154 892 1238 Bernhardyus
925 1155 960 1219 in
994 1155 1132 1221 historia
1157 1155 1344 1220 literaturae

271 1265 411 1331 Graecae
453 1267 515 1332 vol.
556 1267 590 1330 ΙΙ
622 1278 703 1352 part.
743 1271 763 1332 2
802 1291 875 1354 pag.
912 1271 1110 1334 348-444”
1152 1267 1344 1353 [383-506

270 1378 422 1444 editionis
455 1380 583 1464 tertiae]
600 1386 618 1444 ¹.
667 1381 731 1446 Hie
755 1388 863 1447 autem
888 1383 1032 1448 medium
1056 1382 1217 1468 quoddam
1239 1383 1346 1448 tenuit

271 1493 352 1577 iter,
378 1492 464 1579 quod
487 1493 566 1577 quin
588 1493 682 1558 unice
703 1493 801 1558 diicat
825 1494 878 1558 ad*
891 1516 999 1559 veram
1023 1495 1218 1560 sententiam
1235 1496 1344 1561 nullus

271 1606 393 1672 dubito.
416 1607 503 1670 Dum
528 1605 616 1671 enim
632 1605 763 1672 ¹fatetur
777 1605 1031 1692 Aristophanem
1048 1607 1132 1671 nibil
1147 1607 1346 1674 calumniose

271 1719 323 1784 vel
353 1718 452 1783 etiam
485 1717 606 1802 injuste
644 1718 683 1784 de
719 1717 875 1803 Euripide
903 1718 1025 1784 dixisse
1039 1727 1070 1801 2,
1106 1719 1205 1784 simul
1237 1725 1346 1785 tamen

187 1885 192 1897 ,
272 1830 435 1896 intellexit
465 1852 531 1896 non
555 1852 635 1916 opus
662 1853 732 1896 esse
755 1838 812 1914 ut,
837 1831 958 1897 comico
982 1831 1129 1917 quamvis
1151 1833 1345 1916 assentiare,

273 1945 345 2010 ideo
371 1944 531 2030 tragicum
550 1944 719 2010 fastidiose
741 1949 947 2028 contemnas,
972 1945 1028 2009 sed
1050 1945 1244 2030 Euripideae
1268 1967 1347 2031 qno-

260 2080 335 2143 ·que
369 2057 431 2122 arti
464 2079 556 2123 suam
591 2079 649 2122 nec
676 2058 869 2122 mediocrem
900 2061 1047 2122 constare
1069 2059 1218 2142 laudem,
1252 2060 1346 2125 dum-

273 2172 370 2236 modo
393 2191 434 2235 ne
450 2169 615 2256 judicetur
638 2171 817 2236 secundum
839 2171 968 2236 easdem
987 2170 1074 2257 leges
1097 2195 1176 2258 quas
1190 2173 1348 2259 applicuit

274 2284 414 2350 comicus
431 2284 452 2349 ³.

319 2397 387 2462 Nec
420 2396 550 2462 silentio
585 2397 837 2480 praetereundus
873 2397 1115 2482 Mommsenus,
1150 2401 1205 2485 qui
1229 2401 1264 2465 in
1285 2401 1349 2466 fine

277 2509 376 2595 primi
412 2509 588 2574 voluminis
625 2531 702 2574 suae
736 2508 904 2573 Historiae
938 2510 1103 2575 Romanae
1137 2512 1276 2577 breviter
1311 2515 1350 2578 de

276 2621 432 2708 Euripide
452 2621 619 2705 exposuit,
643 2621 699 2685 sed
733 2642 888 2706 perquam
909 2620 1003 2685 docte
1023 2627 1055 2685 et
1081 2624 1269 2708 perspicue,
1297 2626 1350 2691 hic

276 2757 402 2822 quoque
425 2734 682 2818 Aristophaneae
707 2731 889 2799 sententiae
912 2733 1037 2819 adjecto
1060 2735 1193 2801 calculo.

321 2848 492 2915 Germanis
516 2849 700 2914 auctoribus
720 2846 898 2932 adjungere
911 2847 1008 2932 juvat
1025 2853 1204 2913 nostratem
1216 2849 1350 2914 Petrum

277 2985 340 3028 van
365 2963 523 3048 Limburg
547 2959 743 3046 Biouwer⁴,
777 2961 833 3048 qui
857 2961 1023 3027 nonnullis
1047 2961 1164 3027 abhinc
1187 2961 1350 3028 decenniis

276 3077 379 3142 edidit
412 3075 561 3141 libellum
596 3074 636 3140 de
664 3074 757 3160 poesi,
784 3073 981 3160 Euripides,
1007 3075 1087 3140 satis
1111 3074 1294 3161 elegantem
1317 3080 1350 3139 et

277 3211 363 3255 nunc
383 3210 525 3276 qnoque,
551 3187 761 3273 quantumvis
784 3186 1031 3271 inveteraverit,
1056 3189 1143 3254 lectu
1170 3210 1235 3253 non
1264 3188 1350 3252 indi·

276 3324 399 3386 gnum3
428 3323 568 3387 magnus
592 3300 797 3385 caeteroquin
821 3299 989 3386 Euripidis
1013 3300 1205 3382 admirator,
1230 3301 1263 3365 in
1288 3324 1351 3387 quo

310 3577 318 3609 ¹
335 3577 448 3628 Dindorf.
464 3577 535 3626 Poet.
554 3575 624 3626 Scan.
644 3573 740 3636 proleg.
756 3573 788 3621 ed
804 3573 892 3635 Eurip.
908 3587 965 3636 pag.
986 3575 1023 3622 19.

309 3665 319 3697 ²
335 3665 534 3729 “Aristophanes
554 3664 622 3712 hatte
643 3662 721 3711 echon
743 3661 791 3710 alle
810 3663 987 3712 wosentlichen
1006 3663 1106 3713 Punkte
1123 3665 1167 3712 der
1184 3663 1299 3712 Polemik
1315 3678 1352 3712 er-

277 3755 395 3820 “griffom
407 3788 429 3803 ..
451 3756 487 3804 Er
505 3755 538 3803 ist
554 3754 580 3802 in
597 3755 692 3802 seiuem
709 3752 790 3804 Recht
806 3751 891 3801 sobald
912 3767 939 3801 er
956 3752 994 3801 die
1011 3753 1190 3816 Forderungen
1204 3755 1249 3801 des
1268 3752 1352 3802 reinen

277 3845 460 3917 “Geschmacks
481 3847 531 3894 und
553 3847 597 3894 der
614 3844 776 3907 organischen
797 3843 885 3892 Poesie
903 3857 985 3906 gagen
1002 3843 1042 3891 die
1059 3843 1205 3892 Ketzereien
1222 3843 1352 3892 (11111111-

279 3936 364 3999 “pides
380 3931 479 3984 kehrt.''
497 3934 569 3998 (Peg.
586 3933 653 3994 395.)

310 4025 320 4056 ³
338 4026 389 4074 “Es
405 4026 471 4073 w'r'rre
487 4024 606 4074 rerkehrt
622 4025 673 4072 und
688 4023 794 4086 unbillig
811 4024 858 4071 den
876 4021 978 4071 antikeu
989 4022 1112 4071 Massstab
1131 4021 1285 4086 anzulegen''
1304 4031 1371 4092 etc..

279 4114 351 4177 (rag.
367 4114 433 4176 38⁹l

310 4203 320 4236 ⁴
338 4205 433 4253 Ρνοευθ
449 4219 507 4252 over
523 4204 554 4253 dc
571 4203 693 4268 aetatula
709 4202 862 4252 actooatee'd
878 4202 925 4251 der
937 4202 1022 4265 poertj
1039 4216 1090 4249 oon
1112 4203 1264 4266 Euraptdea,
1283 4204 1352 4253 1833.

229 4335 233 4344 ,
279 4294 391 4342 Maxima
415 4291 488 4354 hujus
512 4293 569 4341 libri
593 4308 651 4356 pars
674 4292 704 4340 ab
729 4298 827 4340 auctore
849 4298 934 4354 postea
951 4290 1072 4338 transfusa
1088 4297 1126 4340 est
1142 4292 1169 4338 in
1186 4306 1247 4354 opus
1264 4291 1352 4354 majus,
1408 4345 1410 4352 y

279 4397 328 4446 quo
352 4383 404 4445 egit
428 4383 459 4430 dc
484 4381 634 4431 Graecorum
656 4381 762 4428 moribus
783 4387 808 4428 et
823 4380 914 4437 literis,
931 4378 1027 4429 Gallica
1045 4394 1103 4428 usus
1120 4379 1216 4443 lingua:
1238 4381 1353 4428 Histoire

279 4472 310 4519 de
328 4471 353 4518 la
371 4471 528 4518 ctoa'ltautloa
546 4471 588 4518 dea
610 4471 695 4519 Gerra.
