3222 5170
684 939 858 1017 CAPUT
886 941 958 1016 Vl.

559 1157 735 1204 EURIPIDES
759 1159 877 1204 MORUM
901 1160 1100 1228 GORRUPTOR·

740 1341 918 1355 fvwvvvvvwv

335 1481 415 1547 Post
448 1503 562 1568 graves
600 1483 673 1549 illas
713 1485 931 1550 accusationes
967 1484 1007 1550 de
1041 1484 1234 1550 labefactato
1270 1485 1361 1551 cultu

289 1595 424 1660 deorum
445 1603 478 1661 et
501 1596 540 1662 de
563 1598 790 1663 commendata
812 1596 994 1683 perniciosa
1016 1597 1180 1682 facundia,
1202 1621 1292 1665 nunc
1315 1600 1357 1664 ad

258 1701 260 1707 ’
288 1731 426 1792 novam,
450 1710 532 1776 hanc
556 1709 894 1797 quoquenonlevem,
919 1709 1079 1793 venimuS,
1102 1710 1362 1777 videlicetEuri-

288 1822 396 1907 pidem
419 1845 525 1889 mores
549 1824 669 1889 civium
693 1823 884 1908 corrupisse.

332 1935 492 2022 Objicitur
516 1938 666 2030 Euripidi
692 1938 731 2003 ab
750 1937 912 2022 Aeschylo
931 1937 966 2002 in
982 1938 1148 2001 Ranarum
1164 1936 1276 2003 fabula
1295 1937 1358 2021 (vs.

289 2043 391 2130 1043)
414 2052 499 2136 quod
521 2052 640 2117 abusus
663 2050 707 2116 sit
729 2073 824 2117 socna
846 2049 969 2136 tragica
990 2051 1032 2114 ad
1048 2050 1268 2135 producendas
1285 2054 1362 2138 πόρ-

288 2191 356 2238 νας,
380 2164 561 2230 Phaedram
585 2164 759 2252 nimirum,
787 2163 996 2249 Melanippen
1021 2163 1112 2228 illarn
1135 2162 1362 2249 intempestive

286 2275 582 2362 philosophantem,
612 2278 863 2358 stheneboeam,
890 2277 983 2359 alias,
1015 2277 1112 2361 idque
1149 2276 1262 2342 fecerit
1287 2277 1361 2342 odio

287 2388 469 2454 mulierum.
516 2390 612 2457 Brevi
646 2396 730 2476 post,
766 2391 927 2476 impotens
951 2391 1037 2472 irae,
1071 2390 1253 2474 Aeschylus
1282 2390 1361 2454 haec

286 2501 320 2565 in
344 2523 418 2567 eum
442 2504 564 2570 evomit
587 2505 685 2589 (Ran.
711 2527 756 2571 vs.
785 2505 909 2585 1078):

527 2638 628 2699 ποίων
650 2629 682 2698 δὲ
704 2638 804 2699 κακῶν
827 2634 882 2698 οὐκ
904 2635 1002 2708 αἴτιός
1023 2635 1103 2702 ἔστ’;

527 2739 564 2803 οὐ
585 2743 799 2826 προαγωγοὺς
820 2737 962 2813 κατέδειξ’
985 2740 1120 2813 οὔτας’,

528 2849 577 2910 καὶ
591 2847 763 2919 τικτούσας
785 2847 817 2908 ἐν
839 2844 906 2918 τοῖς
928 2843 1063 2930 ismiel,

526 2954 573 3015 καὶ
593 2951 783 3033 μιγνυμένας
804 2957 905 3012 τοῖσιν
928 2944 1118 3032 ἆδελφοῒς35
1141 2956 1197 3006 ele·

331 3065 395 3130 Hic
430 3073 539 3131 tamen
574 3065 723 3131 dubitare
755 3066 861 3151 possis
895 3065 974 3152 qnid
1010 3065 1170 3150 vituperet
1204 3066 1357 3132 comicus.

287 3179 388 3262 Nam,
423 3201 505 3265 quae
536 3184 605 3244 erat
627 3179 835 3264 antiquorum
858 3178 1040 3261 hominnm,
1064 3177 1360 3264 Aristophanisque

286 3313 362 3377 prae
397 3292 531 3376 multis,
568 3293 631 3358 oris
667 3291 763 3357 libert
750 3297 816 3375 tas,
840 3292 896 3356 vix
913 3283 979 3376 'put
980 3313 1033 3356 are
1066 3295 1124 3376 pot
1125 3299 1194 3357 erat
1230 3314 1357 3359 morum

286 3409 415 3491 corrupt
401 3405 487 3503 telae
499 3405 585 3470 mult
571 3412 641 3470 tum
657 3404 780 3470 addi
754 3427 783 3470 sr
804 3403 912 3490 palam
926 3417 1031 3469 sermo
1053 3403 1145 3470 fieret
1167 3405 1207 3470 de
1229 3405 1357 3471 adulte-

287 3517 350 3600 rio,
373 3519 413 3584 de
449 3517 587 3604 virgine·
606 3517 721 3584 vitiata
755 3521 788 3583 et
774 3518 851 3582 tde
882 3516 1043 3583 similibus
1066 3518 1161 3583 rebus
1184 3500 1354 3604 pudendis.

288 3633 363 3717 Ipse
375 3632 627 3718 Aristophanes,
650 3631 722 3714 cui,
748 3636 785 3696 ut
794 3629 829 3694 in
772 3630 990 3696 tPlatcnis
1004 3629 1162 3695 Convivio
1176 3639 1189 3679 ⁴
1204 3630 1284 3697 dicit
1297 3631 1356 3697 So-

287 3751 403 3828 cretea,
428 3751 496 3833 περὶ
517 3747 676 3811 Διόνυσον
699 3747 747 3809 καὶ
771 3739 1023 3829 Ἀφροδίτην
983 3771 1069 3808 πασα
1092 3772 1110 3819 η
1099 3740 1357 3831 ‘drcrprllr'ptot

319 3905 493 3954 '¹Nutricem
510 3905 663 3954 Phaedrae
657 3919 683 3953 m
701 3902 782 3952 fabula
799 3902 943 3965 Hippolyto.

319 3994 329 4025 ²
362 3997 464 4056 Augen.

318 4081 328 4114 ³
361 4083 437 4134 Aeoli
462 4083 530 4135 filias.
565 4086 679 4135 Eandem
700 4085 731 4134 ob
748 4099 846 4134 cansam
863 4097 938 4147 supra
953 4097 990 4132 vs.
1007 4082 1056 4132 850
1073 4083 1164 4132 dicitur
1179 4084 1277 4149 γάμους
1293 4085 1355 4134 ἀνο-

285 4175 356 4233 σίους
381 4173 486 4240 ἐκφέρων
511 4175 537 4232 ἐς
561 4176 610 4235 τὴν
628 4175 731 4239 τέχνην.
766 4175 869 4226 Scilicet
884 4173 912 4222 in
928 4172 1009 4224 Aeolo
1026 4172 1139 4222 dramata
1156 4173 1233 4235 ἐβίνει
1250 4173 1356 4239 ἁδελφὸς

284 4281 332 4323 ταν
348 4261 504 4328 ὁμομητρίαν
520 4263 631 4330 ἀδελφήν
649 4264 773 4326 (Canacen
789 4263 931 4325 Macareus)
948 4260 1014 4310 Nub.
1032 4275 1070 4310 vs.
1090 4260 1264 4321 137l;conl'er.
1280 4264 1355 4312 etiam

284 4353 397 4401 aculeata
413 4353 514 4415 parcdia
531 4368 616 4404 versus
633 4369 665 4403 ex
682 4355 728 4404 hac
745 4354 872 4417 tragoedia
889 4353 914 4400 in
932 4353 997 4402 Rau.
1014 4365 1049 4400 va.
1069 4353 1140 4404 1⁴75.

318 4443 328 4473 ⁴
362 4443 424 4506 rag.
445 4444 490 4496 177
506 4444 537 4492 Ε.
