3222 5170
775 387 837 449 128

270 568 422 648 Euripidis
442 570 593 649 tragoedia
614 570 773 650 (Telepho)
794 572 903 631 lectum
925 570 1027 644 fuisse,
1043 577 1079 631 ut
1095 572 1185 632 etiam
1200 572 1289 633 schol.
1307 573 1344 631 ed

269 663 392 724 Plutum
413 664 514 751 tradit.
536 665 583 726 Sic
604 667 696 728 etiam
717 664 892 744 Elmslejus,
916 664 1093 738 Fritsohius‚
1115 665 1289 745 Wagnerus.

996 760 1107 824 (Eregm.
1124 762 1174 814 723
1190 762 1278 824 Dind.)

307 927 596 1006 Eqult.vs.1240
625 929 729 990 Oleou·
731 927 912 1008 Paphlago
904 948 937 988 ιιι
956 948 987 989 re
1008 928 1162 1070 desperata
1180 930 1237 990 hoo
1257 947 1344 990 versu

266 1039 301 1080 ex
319 1021 471 1101 Euripidis
493 1023 690 1102 Telephoi
644 1029 741 1084 ιιιιιιιι

428 1147 453 1182 ω
435 1116 573 1205 Φοῖβ’
589 1118 751 1185 Ἄπολλον
773 1123 878 1191 Λόκιε,
900 1123 931 1210 τί
949 1119 1078 1202 ποτέμ’
1047 1122 1237 1207 μέργόσει;

924 1269 926 1273 ,
995 1215 1108 1279 (rmgm.
1124 1216 1173 1268 τοι
1190 1216 1277 1277 mnu)

232 1332 234 1336 ’
308 1340 390 1405 rulo.
411 1359 454 1401 vs.
477 1345 568 1402 1249:

309 1445 312 1450 “
394 1467 395 1472 ’
427 1433 581 1502 κυλίνδετ’
605 1435 676 1501 εἵσω
699 1433 790 1502 τόνδε
805 1439 861 1503 τὸν
883 1433 1086 1520 δυσδαίμονα-

306 1530 352 1590 Ex
373 1529 599 1610 Bellerophonte
619 1530 668 1591 hio
689 1549 790 1592 versus
810 1549 873 1592 esse
893 1531 1003 1592 dicitur
1018 1550 1036 1592 a
1053 1531 1158 1604 schol,
1183 1531 1243 1593 nisi
1264 1531 1343 1611 quod

191 1682 195 1690 ,
267 1626 424 1706 Euripides
455 1626 619 1707 scripsisset
646 1627 788 1711 κομίζετ’.
809 1627 940 1706 (Eragm.
962 1631 1019 1688 312
1043 1627 1148 1706 Dind.)
1174 1627 1343 1689 Verisimile

265 1728 311 1783 est
330 1721 551 1803 praecedentem
573 1741 689 1802 quoque
710 1741 826 1783 versum

426 1817 522 1900 οἴμοι,
544 1823 713 1906 πέπρακται
736 1826 792 1883 τοῦ
815 1816 886 1883 θεοῦ
907 1821 944 1884 τὸ
969 1817 1141 1907 θέσφατον,

265 1913 318 1991 qui
348 1913 439 1973 etiam
459 1913 547 1992 plane
567 1913 714 1991 tragicum
734 1912 825 1972 habet
845 1912 990 1984 colorem,
1012 1931 1048 1972 ex
1068 1912 1170 1972 eadem
1191 1913 1344 1991 tragoedia

265 2028 327 2070 esse
347 2007 488 2070 sumt'um.

305 2179 391 2242 itio.
410 2197 452 2240 vs.
476 2183 553 2240 1250
575 2197 639 2259 sqq.
661 2179 703 2240 sio
725 2177 982 2257 Cleon-Paphlago
1003 2176 1166 2256 alloquitur
1186 2195 1270 2258 suam
1295 2197 1343 2238 oo·

265 2292 368 2334 ronam
388 2293 479 2353 quam
499 2272 596 2335 vietus
617 2293 635 2335 a
654 2274 822 2334 macellario
843 2273 977 2352 deponit:

395 2390 397 2395 '
427 2373 452 2435 ὦ
474 2374 618 2456 στέφανε,
641 2375 762 2458 χαίρων
784 2368 889 2440 ἄπιθι,
911 2369 955 2435 κεῖ
977 2371 1006 2434 σ’
1028 2369 1112 2434 ἄκων
1133 2372 1195 2455 ἐγὼ

425 2463 539 2531 λείπω·
560 2470 593 2531 σέ
616 2463 642 2531 δ’
664 2465 768 2540 ἄλλος
788 2492 837 2539 τις
861 2461 977 2551 λαβὼν
999 2467 1185 2539 κεκτήσεται,

427 2559 563 2636 κλέπτης
582 2566 638 2644 μὲν
656 2563 713 2625 οὐκ
735 2560 774 2626 ἂν
797 2558 939 2643 μᾶλλον,
961 2560 1096 2646 εὐτυχὴς
1118 2555 1145 2624 δ’
1165 2559 1255 2634 ἰ’σως·

308 2653 449 2716 lmitatur
479 2662 567 2734 poeta
587 2655 677 2715 verba
697 2653 862 2732 Euripidis,
885 2653 918 2712 in
938 2652 1025 2732 cujus
1044 2652 1195 2714 Alcestide
1215 2652 1343 2713 nuncius

266 2749 369 2823 refert,
391 2750 545 2812 heroinam
564 2749 691 2829 jamjam
710 2749 887 2809 morituram
908 2747 963 2809 tali
982 2747 1070 2809 modo
1091 2753 1189 2809 torum
1210 2747 1343 2825 jugalem

267 2865 329 2906 esse
350 2845 470 2907 effatam
492 2846 548 2934 (vs.
573 2852 629 2908 177
651 2848 742 2925 sqq.):
1064 2921 1067 2927 Ι

428 2943 452 3006 ὦ
473 2941 622 3030 λέκτρον,
645 2941 720 3007 ἔνθα
740 2940 893 3028 παρθένεί
915 2938 1001 3006 ἔλυσ’
1021 2942 1083 3025 ἐγὼ

429 3035 587 3122 κορεόμιιτ’
607 3039 638 3102 ἐκ
658 3033 743 3102 τοῦδ’
764 3033 901 3122 ἆνδρός,
921 3036 958 3100 οὗ
980 3033 1105 3110 θνήσκω
1128 3038 1211 3120 πέρι,

428 3129 513 3216 χαῖρ’
536 3133 595 3194 κτὲ.

427 3257 439 3269 ·
461 3256 473 3268 ·
494 3258 506 3270 -
526 3230 561 3290 σέ
583 3222 609 3290 δ’
628 3223 713 3300 ἄλλη
734 3253 781 3300 τις
803 3226 884 3310 γυνὴ
906 3228 1092 3299 κεκτήσεται,

431 3321 569 3407 σώφρων
589 3324 646 3403 μὲν
667 3321 723 3388 οιίκ
744 3320 784 3385 ἂν
805 3318 946 3402 μᾶλλον,
969 3320 1102 3404 εὐτυχὴς
1127 3314 1154 3383 δ’
1175 3319 1263 3393 ἴσως·

312 3499 394 3564 ltld.
415 3518 457 3560 vs.
482 3502 559 3559 1290
580 3515 658 3577 sqq:

430 3599 449 3671 ἦ
470 3592 631 3670 πολλάκις
654 3597 827 3682 ἐννυχίαισι

431 3694 575 3777 φροντίσι
598 3693 843 3776 συγγεγένημαι,

433 3789 486 3873 καὶι
500 3781 655 3872 διεζήτηχ’
672 3784 788 3852 ὁπόθεν
806 3789 880 3851 ποτὲ
892 3784 1023 3870 φαύλως
1036 3780 1129 3850 ἐσθίει
1142 3781 1344 3865 Κλεώνυμος.

314 3879 352 3940 Ιιι
381 3898 413 3940 re
433 3878 546 3940 ludicra
565 3880 687 3958 respicit
706 3880 796 3940 verba
816 3879 979 3952 Phaedrae,
1001 3878 1125 3958 Hippol.
1145 3896 1188 3938 vs.
1210 3880 1268 3938 375
1289 3893 1346 3955 sq.:

432 3971 490 4051 ἤδη
511 3977 580 4041 ποτ’
602 3974 713 4052 ἄλλως
734 3978 848 4051 νυκτὸς
869 3978 902 4041 ἐν
921 3980 1034 4061 μακρῷ
1052 3977 1161 4062 χρόνῳ

432 4068 554 4146 θνητῶν
575 4071 730 4156 ἓφρόντισ’
751 4069 771 4159 ᾗ
793 4068 970 4158 διέφθαρται
990 4067 1077 4156 βίος.

274 4163 359 4226 donf.
380 4163 455 4224 Rau.
475 4183 517 4225 vs.
539 4168 610 4238 931,
633 4163 758 4244 Lysistr.
778 4184 821 4226 vs.
842 4170 880 4226 26
902 4181 946 4244 sq.

315 4356 396 4422 loto.
417 4373 460 4415 rs.
483 4356 559 4413 1302
571 4347 713 4419 triremis,
734 4346 826 4433 longa
843 4347 991 4405 vetustate
1011 4341 1108 4421 putris
1119 4346 1149 4402 et
1160 4340 1283 4412 rimosa,
1304 4339 1346 4398 sio

274 4453 385 4513 dieitur
405 4467 517 4510 sorores
537 4447 665 4506 allocuta
685 4461 759 4503 esse:
