3222 5170
772 425 813 487 85

251 604 424 670 obscoenis
442 605 526 690 jocis
543 629 621 672 usus
641 612 706 690 est,
724 630 765 673 ne
785 608 918 674 vocibus
937 609 1068 694 quidem
1089 606 1334 672 honestioribus-

250 718 362 784 velans
386 741 492 784 rerum
517 721 726 805 spurcitiem,
751 728 789 786 ut
811 722 923 786 mira-ri
946 722 1052 807 possis
1077 743 1142 806 qua
1163 720 1270 787 fronte
1294 719 1328 786 in

251 831 417 898 Renerum
439 831 551 898 fabule
574 832 729 917 Aeschyli
752 833 858 900 verbis
882 840 1010 922 poscat,
1036 840 1073 900 ut
1101 841 1198 920 poeta
1221 835 1330 929 turpis

168 969 170 974 ·
249 943 391 1027 occulat,
417 967 459 1010 ne
479 966 537 1029 per
559 967 634 1010 eum
650 944 857 1012 innotescant
879 946 1010 1012 adultae
1030 946 1219 1031 juventuti,
1237 947 1328 1031 cujus

250 1057 295 1122 sit
310 1064 498 1142 praeceptor
515 1068 534 1123 ¹.
561 1059 690 1144 Neque,
715 1084 789 1127 curn
813 1062 896 1128 illud
914 1063 1026 1128 odium
1044 1061 1239 1145 mulierum,
1265 1084 1329 1148 quo

250 1169 422 1257 Euripides
446 1171 556 1237 ardere
583 1171 764 1258 ferebatur,
789 1175 894 1241 rideat
916 1176 1106 1262 saepissime
1118 1180 1152 1240 et
1163 1175 1215 1241 vel
1226 1175 1328 1240 totius

249 1284 433 1350 comoediae
458 1282 628 1351 materiem
650 1287 727 1353 inde
753 1289 798 1354 sit
822 1288 1030 1373 mutuatus-³,
1055 1289 1125 1374 ipsc
1137 1287 1327 1364 mulieribus

249 1398 300 1464 vel
324 1398 455 1463 tantillo
478 1400 584 1485 magis
606 1402 768 1487 pepercit3
812 1402 913 1467 immo
936 1402 1032 1488 plura
1051 1403 1086 1466 in
1110 1399 1328 1488 Thesmopho-

248 1511 384 1576 riazusis
408 1510 582 1577 mulierum
605 1512 732 1599 flagitia
762 1520 968 1579 recensentur
1002 1536 1100 1602 quem
1133 1515 1168 1580 iu
1201 1512 1327 1580 eunctis

249 1623 416 1709 Euripidis
428 1623 561 1708 fabulis,
575 1633 613 1692 ut
628 1648 701 1693 vere
713 1627 923 1693 observatum
946 1649 966 1692 e
989 1627 1160 1711 Barnesio,
1174 1625 1327 1693 acerrimo

249 1738 364 1823 tragici
386 1744 627 1826 propugnatore
642 1743 667 1806 ³..

282 1889 288 1920 ¹
324 1889 389 1941 Rau.
405 1903 443 1940 vs.
462 1891 525 1941 loos
542 1861 622 1955 sqq.:i

597 1979 771 2045 ἀποκρύπτειν
787 1981 836 2045 χρὴ
854 1983 882 2030 rb
901 1982 1014 2045 πονηρὸν
1032 1981 1078 2031 τάν
1096 2000 1123 2046 γε
1141 1979 1260 2040 ποιητὴν,

343 2071 384 2120 sui
402 2071 437 2135 μὴ
456 2071 581 2135 παράγειν
596 2069 657 2135 μηδὲ
675 2069 808 2120 διδάσκειν·
827 2075 883 2128 τοῖς
898 2073 946 2134 μὲν
963 2073 1010 2136 γὰρ
1028 2070 1200 2136 παιδαρίοισιν

344 2159 397 2208 ἔστι
414 2157 563 2218 διδάσκαλος
581 2159 651 2218 ὅστις
668 2151 766 2225 φράζει,
783 2163 837 2218 τοῖς
854 2159 954 2223 ἡβῶσιν
971 2160 996 2210 δὲ
1015 2159 1126 2220 ποιηταί.

280 2247 382 2298 Addere
398 2247 469 2297 lubet
485 2247 563 2311 Soph.
579 2247 685 2297 Philoct.
703 2262 739 2297 vs.
756 2249 806 2301 387
823 2263 872 2312 sq.:

703 2335 725 2385 oi
743 2335 764 2384 δ’
781 2335 953 2399 αἰιοσμοΰντες
969 2336 1072 2403 βροτῶν
1107 2317 1108 2324 i

441 2425 598 2477 διδασκάλων
614 2428 712 2491 λόγοισι
728 2426 863 2490 γίγνονται
879 2426 960 2474 κακοί.
1026 2433 1028 2438 “

279 2515 374 2565 Locum
390 2531 405 2566 e
421 2516 498 2566 Ranis
509 2515 613 2564 alierum
629 2515 727 2563 videtur
744 2514 770 2562 in
781 2521 864 2563 mente
881 2513 994 2565 habuisse
1010 2517 1044 2565 K.
1063 2515 1093 2566 Ο.
1110 2516 1203 2566 Miiller
1218 2514 1264 2566 Gr.
1273 2516 1324 2564 Lit.

248 2606 287 2664 11,
303 2620 360 2670 pag.
377 2606 439 2664 240,
454 2619 511 2654 erun
535 2605 570 2654 ita
585 2604 714 2654 scriberet:
744 2605 823 2653 “Men
840 2618 909 2652 muse
929 2603 1062 2679 gestehen,
1079 2605 1136 2654 dass
1151 2604 1195 2652 der
1220 2605 1324 2666 Dichter

245 2694 298 2742 “im
324 2693 442 2744 Hinbliclr
470 2693 514 2744 aui
536 2694 604 2743 scine
629 2693 730 2756 Gesner
755 2693 792 2741 oft
807 2691 905 2742 bessere
921 2694 1067 2757 Principien
1083 2695 1110 2742 in
1126 2692 1226 2743 Betrsff
1245 2693 1325 2742 dieses

247 2782 361 2832 “Punkts
380 2782 532 2847 ansepricht,
548 2782 585 2830 als
602 2781 672 2830 erin
689 2782 775 2830 seinen
792 2780 902 2830 Stiicken
919 2780 996 2830 selbst
1011 2781 1198 2846 wehrgemaeht
1213 2780 1282 2831 hat.''

280 2869 291 2902 ²
323 2871 426 2921 Praeter
451 2869 735 2936 Thesmophoriaausos,
752 2868 824 2934 cujus
841 2867 938 2918 fabulae
956 2869 1073 2934 inprimis
1088 2869 1220 2920 videantur
1236 2885 1272 2920 vs.
1289 2872 1323 2920 85

193 2944 195 2950 ¹
248 2972 273 3010 et
293 2961 343 3010 385
364 2976 429 3025 sqq„
445 2974 559 3010 necnon
575 2960 625 3010 455
642 2973 687 3023 sq„
705 2959 736 3007 ad
752 2957 881 3022 Euripidis
898 2957 1066 3024 μισογυνείαν
1083 2958 1209 3026 pertinent
1230 2959 1281 3008 loci
1297 2959 1323 3007 in

248 3051 388 3115 Lysistrata
404 3063 441 3097 vs.
458 3050 508 3098 283
524 3056 550 3097 et
566 3049 615 3099 369
633 3063 670 3112 sq.

280 3138 291 3170 ³
323 3139 377 3189 Vit.
404 3139 465 3187 Eur.
492 3153 547 3200 cap.
572 3141 600 3186 4:
627 3137 769 3186 “fetendum
794 3144 844 3194 est,
867 3137 894 3185 in
915 3119 1181 3200 ibesmophorieznsis
1202 3152 1253 3186 non
1270 3146 1322 3188 tam

249 3227 426 3292 “Euripidem,
450 3228 572 3276 adversus.
591 3241 664 3292 quem
682 3227 769 3276 drama
786 3225 849 3275 illud
864 3211 1007 3278 institutum
1024 3235 1136 3290 putatur,
1154 3243 1228 3290 quam
1244 3236 1322 3280 totum
1358 3236 1365 3248 “

248 3316 400 3368 “femineum
426 3330 504 3382 genus
528 3311 594 3366 hunc
617 3316 740 3388 comicum
750 3316 926 3382 'perstringere
943 3315 1035 3376 videri,
1052 3317 1171 3380 peculiari
1186 3318 1233 3366 sibi
1248 3320 1322 3368 cuvil-

248 3406 331 3472 “land'i
356 3407 500 3455 charactere
527 3421 597 3455 usum
623 3417 648 3456 et
673 3409 743 3471 quasi
766 3407 842 3471 genio
859 3421 902 3456 suo
918 3406 1136 3459 obsecundantem.
1169 3407 1238 3457 D'um
1255 3410 1322 3458 enim
1383 3471 1385 3474 ι

248 3495 409 3560 “Euripidem
433 3511 449 3544 a
465 3494 609 3544 mulieribus
633 3497 827 3544 condemnatum
851 3495 924 3558 fingit
948 3497 1012 3558 quod
1033 3497 1064 3545 de
1080 3496 1111 3544 iis
1128 3497 1192 3546 male
1210 3510 1275 3547 esset
1296 3500 1321 3547 in

248 3587 315 3636 “suis
339 3584 473 3649 tragoediis
497 3585 608 3645 locutus,
634 3586 712 3634 multo
738 3585 808 3648 plura
830 3585 902 3633 istius
922 3599 997 3634 sexus
1018 3585 1114 3649 flagitia
1138 3586 1164 3634 in
1184 3587 1258 3637 unica
1279 3588 1322 3638 illc

248 3677 390 3726 “comoedia
413 3675 508 3739 profert
532 3690 606 3739 quam
632 3676 658 3723 in
682 3675 794 3724 omnibus
820 3675 871 3723 suis
895 3675 1029 3738 tragoediis
1051 3676 1184 3740 Euripides
1212 3693 1322 3742 unquam

181 3780 184 3785 ·
249 3765 452 3825 “memoraverim
477 3773 551 3828 atque
576 3765 612 3813 ita
636 3764 783 3826 Euripidem
808 3767 946 3813 accusando
970 3765 1090 3825 absolvit,
1116 3767 1232 3816 mulieres
1257 3783 1318 3818 vero

248 3857 386 3905 “laudando
414 3854 604 3918 excusandoque
631 3855 741 3903 maxime
768 3854 909 3917 denigret.''
932 3881 963 3891 -
985 3854 1073 3916 (Plane
1099 3856 1163 3905 idem
1189 3857 1279 3908 dieitur
1307 3875 1321 3907 a
1406 3832 1432 3858 'y

250 3946 282 3998 Κ.
299 3944 331 3997 0.
348 3945 441 3994 Miller
459 3943 505 3995 Gr.
523 3943 735 4007 Literaturgesch.
752 3944 789 4001 11,
807 3959 865 4007 pag.
883 3946 949 4006 241.)

281 4036 313 4085 In
334 4036 451 4084 mulieres
479 4033 577 4097 scripsit
602 4047 675 4096 porro
699 4034 863 4098 Lysistratam
889 4041 914 4082 et
937 4034 1130 4094 Ecclesiaausas,
1155 4051 1260 4099 querum
1287 4037 1321 4086 ia·

250 4125 362 4174 buterum
392 4124 436 4174 illa
466 4138 551 4187 pscem
584 4125 755 4182 commendat,
787 4124 878 4186 possim
912 4132 994 4172 tamen
1020 4127 1128 4190 arreptis
1155 4127 1323 4177 occasionibus

250 4214 381 4263 vellicandi
398 4212 529 4263 femineam
555 4213 742 4278 impudicitiam,
767 4213 836 4260 hanc
860 4227 920 4261 vero
950 4227 999 4260 non
1024 4211 1072 4260 alio
1096 4216 1199 4264 consilio
1227 4218 1323 4267 videtur

249 4303 413 4367 composuisse
432 4318 507 4367 quem
531 4311 559 4351 ut
584 4303 700 4352 mulieres
723 4303 900 4366 spectatoribus
930 4288 1077 4351 deridendus
1108 4306 1259 4368 propinaret.
1293 4310 1323 4357 In

252 4393 319 4443 Pluti
336 4407 431 4456 quoque
453 4401 523 4455 parte
540 4391 629 4441 ultima
649 4407 690 4441 eas
710 4393 804 4441 duriter
821 4397 917 4440 tractet.
935 4392 1040 4440 Praeter
1064 4392 1193 4442 libidinem
1210 4397 1324 4460 inprimis

250 4499 334 4532 carum
351 4484 523 4534 tcumleutiam
537 4484 656 4546 castigas
673 4483 721 4531 vid.
738 4482 840 4531 Thesm.
857 4496 892 4530 vs.
910 4481 959 4530 630
975 4495 1036 4544 sqq„
1053 4482 1101 4531 692
1118 4497 1168 4546 sqq.
1186 4495 1231 4535 otc.
