3222 5170
814 370 876 432 155

344 555 412 615 Alio
443 556 508 621 looo
529 554 596 632 (III
619 573 686 633 pag.
717 557 805 634 llio)
838 555 1011 616 Athenaeus
1035 575 1070 616 ex
1091 556 1194 616 eadem
1215 556 1316 616 fabula
1336 555 1387 618 de.

303 651 422 729 scripsit
439 649 495 710 hoo
516 649 678 711 distichon:

464 747 528 822 ἥκω
551 749 732 832 θεαρῖωνος
754 746 955 833 ἆρτοττώλιον

464 840 583 912 λιπών,
604 841 645 907 ‘t'v’
668 839 733 906 ἐστὶ
755 838 921 928 κριβάνων
943 838 1065 907 ἑδώλια·

304 934 364 995 Hie
400 953 517 1014 quoque
553 935 642 995 obvia
676 941 721 995 est
757 934 879 1013 parodia
915 935 977 996 sive
1008 935 1082 995 dieti
1113 935 1268 1014 Euripidei
1300 935 1387 996 modo
1507 989 1510 998 .

235 1039 243 1050 ·
303 1031 400 1105 allati,
424 1031 485 1091 sive
507 1030 588 1090 initii
613 1029 776 1090 Troadum:

463 1127 527 1202 ἥκω
549 1126 652 1192 λιπὼν
675 1127 807 1212 Αἴγαιον
830 1126 973 1213 ἁλμυρον
996 1125 1104 1213 βάθος

465 1227 586 1288 πόντου
611 1220 789 1296 Ποσειδῶν,
814 1221 889 1289 ’ἔνθα
913 1220 1071 1311 Νηρῄδων
1093 1227 1186 1310 χοροὶ
1211 1228 1267 1282 etc.

829 1318 921 1380 (Arist.
937 1318 1028 1382 fragm.
1050 1319 1096 1367 198
1112 1324 1138 1367 et
1156 1319 1218 1367 1998
1234 1318 1324 1379 Dind.)

345 1457 382 1516 In
411 1455 513 1520 floris
534 1454 762 1534 Aristophanes,
796 1462 870 1516 teste
893 1456 1059 1536 Hesychio,
1081 1476 1152 1518 usus
1173 1463 1219 1518 est
1239 1457 1388 1517 locutione

304 1551 420 1638 ζεῦγος
450 1548 630 1639 τρίδουλον,
663 1550 798 1635 alludens
829 1553 867 1612 ad
897 1551 1013 1637 ζεῦγος
1033 1551 1245 1640 τριτᾶρθενον
1267 1552 1388 1632 (fragm-

305 1647 375 1707 Eur.
398 1649 456 1707 359
478 1645 600 1724 Dind.),
622 1646 730 1724 quibus
750 1646 848 1707 verbis
870 1645 1027 1725 Euripides
1048 1647 1080 1706 in
1102 1645 1268 1708 Erechtheo
1288 1648 1389 1708 fabula

305 1749 365 1804 tres
385 1741 477 1820 hujus
496 1741 575 1820 regis
596 1741 674 1802 filias
694 1731 911 1820 designaverat.

947 1838 1039 1902 (Arist.
1057 1838 1149 1902 fragm.
1167 1840 1217 1888 484
1233 1837 1322 1901 Dind.)

346 1975 392 2036 De
412 1993 499 2036 versu
519 1994 555 2035 ex
575 1976 679 2053 ignota
699 1975 801 2035 fabula
821 1975 1044 2055 Aristophanis:

338 2074 481 2158 -αἶσχρὸν
503 2070 563 2147 (vel
586 2070 686 2149 potius
707 2074 837 2161 πικρὸν)
854 2076 913 2156 γνέᾳ
935 2078 1057 2158 γυναικὶ
1081 2070 1265 2160 πρεσβύτης
1287 2072 1366 2160 ἁνὴρ

304 2166 367 2244 jam
388 2184 477 2243 supra
497 2165 535 2226 ad
555 2165 734 2245 Thesmoph.
756 2186 800 2226 vs.
823 2169 879 2226 411
903 2185 967 2244 sqq.
988 2165 1129 2226 vidimus.

960 2261 1050 2324 (Arist.
1067 2261 1156 2326 fragm.
1173 2261 1222 2312 497
1239 2261 1324 2324 Dind.)

348 2399 444 2461 Locus
464 2398 699 2477 Aristophaneus
720 2418 807 2478 quem
828 2400 957 2461 servavit
979 2399 1156 2461 Eushathius
1176 2417 1243 2478 pag.
1267 2404 1358 2464 1467:

749 2502 797 2560 καὶ
818 2499 900 2561 κύων
922 2495 1107 2582 ἀκράχολος

468 2590 600 2665 Ἑκάτης
621 2590 749 2676 ἄγαλμα
771 2593 943 2677 φωσφόρου
965 2594 1153 2676 γενήσομαι,

307 2685 480 2763 joculariter
500 2683 614 2744 effictus
634 2691 679 2746 est
700 2684 738 2745 ad
758 2683 838 2744 huna
860 2683 1013 2763 Euripidis
1033 2702 1162 2745 versum:

328 2780 461 2859 Ἑκάτης
478 2778 606 2867 ἄγαλμα
624 2783 798 2868 φωσφόρον
816 2785 899 2846 κύων
911 2780 982 2846 ἐ’σει.
993 2778 1079 2855 (Eur.
1091 2779 1196 2858 fragm.
1210 2785 1267 2841 959
1281 2780 1388 2860 Dind.)

954 2874 1044 2936 (Arist.
1063 2873 1153 2939 fragm.
1170 2876 1220 2925 535
1236 2877 1323 2939 Dind.)
