<?xml version="1.0" encoding="UTF-8"?>
<!DOCTYPE html PUBLIC "-//W3C//DTD XHTML 1.0 Transitional//EN"
    "http://www.w3.org/TR/xhtml1/DTD/xhtml1-transitional.dtd">
<html xmlns="http://www.w3.org/1999/xhtml" xml:lang="en" lang="en">
 <head>
  <title>
</title>
<meta http-equiv="Content-Type" content="text/html;charset=utf-8" />
  <meta name='ocr-system' content='tesseract 3.04.00' />
  <meta name='ocr-capabilities' content='ocr_page ocr_carea ocr_par ocr_line ocrx_word'/>
</head>
<body>
  <div class='ocr_page' id='page_1' title='image "./specimenliterar01leeugoog_0065.png"; bbox 0 0 3216 5154; ppageno 0'>
   <div class='ocr_carea' id='block_1_1' title="bbox 690 914 965 992">
    <p class='ocr_par' dir='ltr' id='par_1_1' title="bbox 690 914 965 992">
     <span class='ocr_line' id='line_1_1' title="bbox 690 914 965 992; baseline -0.011 0"><span class='ocrx_word' id='word_1_1' title='bbox 690 915 864 992; x_wconf 78' lang='lat' dir='ltr'><strong>CAPUT</strong></span> <span class='ocrx_word' id='word_1_2' title='bbox 891 914 965 990; x_wconf 92' lang='lat' dir='ltr'>IV.</span> 
     </span>
    </p>
   </div>
   <div class='ocr_carea' id='block_1_2' title="bbox 521 1132 1139 1180">
    <p class='ocr_par' dir='ltr' id='par_1_2' title="bbox 521 1132 1139 1180">
     <span class='ocr_line' id='line_1_2' title="bbox 521 1132 1139 1180; baseline -0.003 -1"><span class='ocrx_word' id='word_1_3' title='bbox 521 1135 697 1180; x_wconf 82' lang='lat' dir='ltr'>EURIPIDES</span> <span class='ocrx_word' id='word_1_4' title='bbox 720 1133 755 1178; x_wconf 84' lang='lat' dir='ltr'>IN</span> <span class='ocrx_word' id='word_1_5' title='bbox 778 1133 881 1178; x_wconf 78' lang='lat' dir='ltr'>SCENA</span> <span class='ocrx_word' id='word_1_6' title='bbox 906 1132 1139 1178; x_wconf 81' lang='lat' dir='ltr'><strong>PHILOSOPHUS.</strong></span> 
     </span>
    </p>
   </div>
   <div class='ocr_carea' id='block_1_3' title="bbox 729 1303 920 1320">
    <p class='ocr_par' dir='ltr' id='par_1_3' title="bbox 729 1303 920 1320">
     <span class='ocr_line' id='line_1_3' title="bbox 729 1303 920 1320; baseline -0.021 0"><span class='ocrx_word' id='word_1_7' title='bbox 729 1303 920 1320; x_wconf 79' lang='grc' dir='ltr'>ΛΛΛΛΛΛΛΛΛΛΝ</span> 
     </span>
    </p>
   </div>
   <div class='ocr_carea' id='block_1_4' title="bbox 235 1446 1363 4139">
    <p class='ocr_par' dir='ltr' id='par_1_4' title="bbox 235 1446 1363 4139">
     <span class='ocr_line' id='line_1_4' title="bbox 334 1446 1363 1533; baseline 0 -21"><span class='ocrx_word' id='word_1_8' title='bbox 334 1447 411 1512; x_wconf 81' lang='lat' dir='ltr'>dam</span> <span class='ocrx_word' id='word_1_9' title='bbox 443 1449 485 1512; x_wconf 90' lang='lat' dir='ltr'>ad</span> <span class='ocrx_word' id='word_1_10' title='bbox 516 1449 648 1515; x_wconf 89' lang='lat' dir='ltr'>tertium</span> <span class='ocrx_word' id='word_1_11' title='bbox 683 1447 798 1513; x_wconf 87' lang='lat' dir='ltr'>vitium</span> <span class='ocrx_word' id='word_1_12' title='bbox 829 1453 1030 1512; x_wconf 87' lang='lat' dir='ltr'>transeamus</span> <span class='ocrx_word' id='word_1_13' title='bbox 1055 1446 1140 1533; x_wconf 92' lang='lat' dir='ltr'>quod</span> <span class='ocrx_word' id='word_1_14' title='bbox 1168 1447 1363 1532; x_wconf 85' lang='lat' dir='ltr'>elanguere</span> 
     </span>
     <span class='ocr_line' id='line_1_5' title="bbox 291 1558 1363 1646; baseline 0.002 -24"><span class='ocrx_word' id='word_1_15' title='bbox 291 1558 377 1644; x_wconf 86' lang='lat' dir='ltr'>ignis</span> <span class='ocrx_word' id='word_1_16' title='bbox 411 1560 529 1645; x_wconf 83' lang='lat' dir='ltr'>poetici</span> <span class='ocrx_word' id='word_1_17' title='bbox 559 1561 659 1627; x_wconf 86' lang='lat' dir='ltr'>fluere</span> <span class='ocrx_word' id='word_1_18' title='bbox 684 1560 753 1626; x_wconf 86' lang='lat' dir='ltr'>dixi</span> <span class='ocrx_word' id='word_1_19' title='bbox 777 1561 892 1645; x_wconf 87' lang='lat' dir='ltr'>(supra</span> <span class='ocrx_word' id='word_1_20' title='bbox 914 1581 987 1645; x_wconf 85' lang='lat' dir='ltr'>pag.</span> <span class='ocrx_word' id='word_1_21' title='bbox 1015 1562 1093 1644; x_wconf 84' lang='lat'>39):</span> <span class='ocrx_word' id='word_1_22' title='bbox 1117 1561 1363 1646; x_wconf 78' lang='grc' dir='ltr'>πολυγνωμικὸν</span> 
     </span>
     <span class='ocr_line' id='line_1_6' title="bbox 254 1670 1361 1764; baseline -0.002 -29"><span class='ocrx_word' id='word_1_23' title='bbox 254 1743 258 1752; x_wconf 89' lang='lat'><em>.</em></span> <span class='ocrx_word' id='word_1_24' title='bbox 290 1671 394 1755; x_wconf 89' lang='lat' dir='ltr'>illud,</span> <span class='ocrx_word' id='word_1_25' title='bbox 426 1672 551 1760; x_wconf 83' lang='grc' dir='ltr'><strong><em>ῥήσεων</em></strong></span> <span class='ocrx_word' id='word_1_26' title='bbox 582 1672 880 1759; x_wconf 84' lang='lat' dir='ltr'>philosophicarum</span> <span class='ocrx_word' id='word_1_27' title='bbox 908 1672 941 1736; x_wconf 92' lang='lat' dir='ltr'>in</span> <span class='ocrx_word' id='word_1_28' title='bbox 965 1671 1034 1757; x_wconf 88' lang='lat' dir='ltr'>ejus</span> <span class='ocrx_word' id='word_1_29' title='bbox 1059 1670 1233 1764; x_wconf 76' lang='lat' dir='ltr'>tragoediis</span> <span class='ocrx_word' id='word_1_30' title='bbox 1258 1671 1361 1736; x_wconf 89' lang='lat' dir='ltr'>abun-</span> 
     </span>
     <span class='ocr_line' id='line_1_7' title="bbox 290 1783 1362 1873; baseline -0.002 -23"><span class='ocrx_word' id='word_1_31' title='bbox 290 1785 455 1870; x_wconf 87' lang='lat' dir='ltr'>dantiam,</span> <span class='ocrx_word' id='word_1_32' title='bbox 490 1809 571 1873; x_wconf 89' lang='lat' dir='ltr'>quae</span> <span class='ocrx_word' id='word_1_33' title='bbox 603 1809 623 1852; x_wconf 88' lang='lat' dir='ltr'>a</span> <span class='ocrx_word' id='word_1_34' title='bbox 653 1786 767 1852; x_wconf 86' lang='lat' dir='ltr'>multis</span> <span class='ocrx_word' id='word_1_35' title='bbox 794 1808 889 1872; x_wconf 84' lang='lat' dir='ltr'>saepe</span> <span class='ocrx_word' id='word_1_36' title='bbox 914 1785 1048 1852; x_wconf 87' lang='lat' dir='ltr'>laudata</span> <span class='ocrx_word' id='word_1_37' title='bbox 1069 1785 1126 1851; x_wconf 89' lang='lat' dir='ltr'>sed</span> <span class='ocrx_word' id='word_1_38' title='bbox 1149 1783 1362 1869; x_wconf 81' lang='lat' dir='ltr'><strong>Aristophani</strong></span> 
     </span>
     <span class='ocr_line' id='line_1_8' title="bbox 290 1896 746 1986; baseline 0 -22"><span class='ocrx_word' id='word_1_39' title='bbox 290 1900 450 1966; x_wconf 81' lang='lat' dir='ltr'>derisione</span> <span class='ocrx_word' id='word_1_40' title='bbox 472 1899 573 1986; x_wconf 85' lang='lat' dir='ltr'>digna</span> <span class='ocrx_word' id='word_1_41' title='bbox 594 1899 665 1965; x_wconf 91' lang='lat' dir='ltr'>visa</span> <span class='ocrx_word' id='word_1_42' title='bbox 686 1896 746 1966; x_wconf 77' lang='lat' dir='ltr'>&#39;est</span> 
     </span>
     <span class='ocr_line' id='line_1_9' title="bbox 336 2011 1362 2098; baseline 0 -21"><span class='ocrx_word' id='word_1_43' title='bbox 336 2014 375 2078; x_wconf 92' lang='lat' dir='ltr'>In</span> <span class='ocrx_word' id='word_1_44' title='bbox 405 2018 483 2078; x_wconf 85' lang='lat' dir='ltr'>noto</span> <span class='ocrx_word' id='word_1_45' title='bbox 515 2013 680 2078; x_wconf 87' lang='lat' dir='ltr'>Ranarum</span> <span class='ocrx_word' id='word_1_46' title='bbox 711 2011 783 2078; x_wconf 87' lang='lat' dir='ltr'>loco</span> <span class='ocrx_word' id='word_1_47' title='bbox 807 2011 980 2098; x_wconf 80' lang='lat' dir='ltr'>Euripides</span> <span class='ocrx_word' id='word_1_48' title='bbox 1005 2035 1098 2078; x_wconf 89' lang='lat' dir='ltr'>suam</span> <span class='ocrx_word' id='word_1_49' title='bbox 1120 2013 1249 2079; x_wconf 87' lang='lat' dir='ltr'>fabulas</span> <span class='ocrx_word' id='word_1_50' title='bbox 1273 2034 1362 2078; x_wconf 89' lang='lat' dir='ltr'>oom-</span> 
     </span>
     <span class='ocr_line' id='line_1_10' title="bbox 289 2125 1361 2213; baseline 0 -22"><span class='ocrx_word' id='word_1_51' title='bbox 289 2126 432 2210; x_wconf 90' lang='lat' dir='ltr'>ponendi</span> <span class='ocrx_word' id='word_1_52' title='bbox 463 2126 623 2192; x_wconf 90' lang='lat' dir='ltr'>rationem</span> <span class='ocrx_word' id='word_1_53' title='bbox 655 2125 858 2209; x_wconf 85' lang='lat' dir='ltr'>describens,</span> <span class='ocrx_word' id='word_1_54' title='bbox 892 2147 970 2212; x_wconf 86' lang='lat' dir='ltr'>ego,</span> <span class='ocrx_word' id='word_1_55' title='bbox 1003 2126 1103 2211; x_wconf 86' lang='lat' dir='ltr'>dicit,</span> <span class='ocrx_word' id='word_1_56' title='bbox 1132 2127 1194 2192; x_wconf 88' lang='lat' dir='ltr'>arti</span> <span class='ocrx_word' id='word_1_57' title='bbox 1221 2126 1361 2213; x_wconf 76' lang='lat' dir='ltr'>tragicae</span> 
     </span>
     <span class='ocr_line' id='line_1_11' title="bbox 290 2237 1362 2329; baseline 0.001 -26"><span class='ocrx_word' id='word_1_58' title='bbox 290 2238 431 2304; x_wconf 85' lang='lat' dir='ltr'>subduxi</span> <span class='ocrx_word' id='word_1_59' title='bbox 453 2238 594 2305; x_wconf 90' lang='lat' dir='ltr'>nimium</span> <span class='ocrx_word' id='word_1_60' title='bbox 620 2244 781 2305; x_wconf 84' lang='lat' dir='ltr'>tumorem</span> <span class='ocrx_word' id='word_1_61' title='bbox 794 2239 1029 2324; x_wconf 86' lang='lat' dir='ltr'>Aeschylaum,</span> <span class='ocrx_word' id='word_1_62' title='bbox 1047 2240 1153 2329; x_wconf 84' lang='grc' dir='ltr'>χυλὸν</span> <span class='ocrx_word' id='word_1_63' title='bbox 1165 2237 1272 2316; x_wconf 76' lang='grc' dir='ltr'>διδοὺς</span> <span class='ocrx_word' id='word_1_64' title='bbox 1285 2269 1362 2304; x_wconf 80' lang='grc' dir='ltr'><em>στω-</em></span> 
     </span>
     <span class='ocr_line' id='line_1_12' title="bbox 287 2348 1362 2441; baseline 0 -26"><span class='ocrx_word' id='word_1_65' title='bbox 287 2348 475 2433; x_wconf 80' lang='grc' dir='ltr'>μυλμάτων,</span> <span class='ocrx_word' id='word_1_66' title='bbox 503 2351 579 2418; x_wconf 74' lang='lat' dir='ltr'>dard</span> <span class='ocrx_word' id='word_1_67' title='bbox 599 2349 790 2438; x_wconf 61' lang='grc' dir='ltr'>βιβλίων</span> <span class='ocrx_word' id='word_1_68' title='bbox 812 2351 942 2429; x_wconf 76' lang='grc' dir='ltr'>ἀπηθῶν</span> <span class='ocrx_word' id='word_1_69' title='bbox 967 2354 1029 2433; x_wconf 84' lang='lat' dir='ltr'>(vs.</span> <span class='ocrx_word' id='word_1_70' title='bbox 1057 2355 1149 2441; x_wconf 87' lang='grc'>943).</span> <span class='ocrx_word' id='word_1_71' title='bbox 1198 2352 1290 2420; x_wconf 82' lang='lat' dir='ltr'>Libri</span> <span class='ocrx_word' id='word_1_72' title='bbox 1312 2352 1362 2416; x_wconf 87' lang='lat' dir='ltr'>illi</span> 
     </span>
     <span class='ocr_line' id='line_1_13' title="bbox 288 2463 1360 2552; baseline 0.002 -24"><span class='ocrx_word' id='word_1_73' title='bbox 288 2463 456 2550; x_wconf 83' lang='lat' dir='ltr'>Euripidis</span> <span class='ocrx_word' id='word_1_74' title='bbox 481 2465 600 2532; x_wconf 88' lang='lat' dir='ltr'>iterum</span> <span class='ocrx_word' id='word_1_75' title='bbox 622 2473 794 2531; x_wconf 86' lang='lat' dir='ltr'>occurrunt</span> <span class='ocrx_word' id='word_1_76' title='bbox 815 2487 862 2531; x_wconf 89' lang='lat' dir='ltr'>vs.</span> <span class='ocrx_word' id='word_1_77' title='bbox 890 2468 991 2548; x_wconf 83' lang='lat'>1409,</span> <span class='ocrx_word' id='word_1_78' title='bbox 1016 2466 1072 2532; x_wconf 93' lang='lat' dir='ltr'>ubi</span> <span class='ocrx_word' id='word_1_79' title='bbox 1095 2465 1276 2552; x_wconf 83' lang='lat' dir='ltr'><strong>Aeschylus</strong></span> <span class='ocrx_word' id='word_1_80' title='bbox 1289 2488 1360 2551; x_wconf 90' lang='lat' dir='ltr'>per-</span> 
     </span>
     <span class='ocr_line' id='line_1_14' title="bbox 288 2578 1358 2665; baseline 0.002 -23"><span class='ocrx_word' id='word_1_81' title='bbox 288 2600 384 2664; x_wconf 87' lang='lat' dir='ltr'><strong>quam</strong></span> <span class='ocrx_word' id='word_1_82' title='bbox 420 2578 556 2664; x_wconf 85' lang='lat' dir='ltr'>superbe</span> <span class='ocrx_word' id='word_1_83' title='bbox 588 2579 685 2663; x_wconf 81' lang='lat' dir='ltr'>dicit,</span> <span class='ocrx_word' id='word_1_84' title='bbox 712 2580 775 2646; x_wconf 90' lang='lat' dir='ltr'>tria</span> <span class='ocrx_word' id='word_1_85' title='bbox 797 2602 856 2646; x_wconf 91' lang='lat' dir='ltr'>sua</span> <span class='ocrx_word' id='word_1_86' title='bbox 883 2581 979 2646; x_wconf 90' lang='lat' dir='ltr'>verba</span> <span class='ocrx_word' id='word_1_87' title='bbox 1002 2580 1030 2645; x_wconf 91' lang='lat' dir='ltr'>si</span> <span class='ocrx_word' id='word_1_88' title='bbox 1054 2580 1137 2645; x_wconf 91' lang='lat' dir='ltr'>libra</span> <span class='ocrx_word' id='word_1_89' title='bbox 1159 2581 1358 2665; x_wconf 89' lang='lat' dir='ltr'>pendantur,</span> 
     </span>
     <span class='ocr_line' id='line_1_15' title="bbox 264 2690 1359 2780; baseline 0 -24"><span class='ocrx_word' id='word_1_90' title='bbox 264 2690 393 2776; x_wconf 78' lang='lat' dir='ltr'>majus</span> <span class='ocrx_word' id='word_1_91' title='bbox 424 2691 575 2758; x_wconf 88' lang='lat' dir='ltr'>habitura</span> <span class='ocrx_word' id='word_1_92' title='bbox 606 2694 734 2779; x_wconf 84' lang='lat' dir='ltr'>pondus</span> <span class='ocrx_word' id='word_1_93' title='bbox 764 2715 862 2780; x_wconf 89' lang='lat' dir='ltr'>quam</span> <span class='ocrx_word' id='word_1_94' title='bbox 892 2692 1112 2759; x_wconf 87' lang='lat' dir='ltr'>adversarium</span> <span class='ocrx_word' id='word_1_95' title='bbox 1135 2713 1209 2759; x_wconf 89' lang='lat' dir='ltr'>oum</span> <span class='ocrx_word' id='word_1_96' title='bbox 1233 2691 1359 2758; x_wconf 89' lang='lat' dir='ltr'>familia</span> 
     </span>
     <span class='ocr_line' id='line_1_16' title="bbox 288 2794 1359 2891; baseline 0.002 -23"><span class='ocrx_word' id='word_1_97' title='bbox 288 2825 347 2869; x_wconf 89' lang='lat' dir='ltr'>sua</span> <span class='ocrx_word' id='word_1_98' title='bbox 370 2811 403 2870; x_wconf 89' lang='lat' dir='ltr'>et</span> <span class='ocrx_word' id='word_1_99' title='bbox 429 2811 498 2872; x_wconf 90' lang='lat' dir='ltr'>tota</span> <span class='ocrx_word' id='word_1_100' title='bbox 521 2829 580 2873; x_wconf 85' lang='lat' dir='ltr'>sua</span> <span class='ocrx_word' id='word_1_101' title='bbox 602 2807 800 2873; x_wconf 90' lang='lat' dir='ltr'>bibliotheca</span> <span class='ocrx_word' id='word_1_102' title='bbox 822 2807 916 2873; x_wconf 87' lang='lat' dir='ltr'>alteri</span> <span class='ocrx_word' id='word_1_103' title='bbox 933 2806 1019 2872; x_wconf 86' lang='lat' dir='ltr'>lanei</span> <span class='ocrx_word' id='word_1_104' title='bbox 1034 2794 1233 2891; x_wconf 89' lang='lat' dir='ltr'>impositum.</span> <span class='ocrx_word' id='word_1_105' title='bbox 1273 2805 1359 2872; x_wconf 80' lang='lat' dir='ltr'>Con-</span> 
     </span>
     <span class='ocr_line' id='line_1_17' title="bbox 288 2908 1357 3005; baseline 0.002 -23"><span class='ocrx_word' id='word_1_106' title='bbox 288 2908 355 2982; x_wconf 76' lang='lat' dir='ltr'>st&#39;at</span> <span class='ocrx_word' id='word_1_107' title='bbox 377 2929 486 2985; x_wconf 89' lang='lat' dir='ltr'>autem</span> <span class='ocrx_word' id='word_1_108' title='bbox 510 2921 607 2986; x_wconf 88' lang='lat' dir='ltr'>etiam</span> <span class='ocrx_word' id='word_1_109' title='bbox 633 2920 788 3002; x_wconf 60' lang='lat' dir='ltr'>aliunde,</span> <span class='ocrx_word' id='word_1_110' title='bbox 809 2920 944 3005; x_wconf 81' lang='lat' dir='ltr'>(Athen.</span> <span class='ocrx_word' id='word_1_111' title='bbox 972 2919 1060 3005; x_wconf 87' lang='lat' dir='ltr'>Epit.</span> <span class='ocrx_word' id='word_1_112' title='bbox 1089 2919 1117 3001; x_wconf 84' lang='grc' dir='ltr'>Ι,</span> <span class='ocrx_word' id='word_1_113' title='bbox 1141 2940 1214 3004; x_wconf 80' lang='lat' dir='ltr'>pag.</span> <span class='ocrx_word' id='word_1_114' title='bbox 1243 2920 1290 3004; x_wconf 87' lang='lat'>3),</span> <span class='ocrx_word' id='word_1_115' title='bbox 1307 2941 1357 2984; x_wconf 90' lang='lat' dir='ltr'>re-</span> 
     </span>
     <span class='ocr_line' id='line_1_18' title="bbox 287 3032 1358 3119; baseline 0.001 -23"><span class='ocrx_word' id='word_1_116' title='bbox 287 3053 363 3098; x_wconf 91' lang='lat' dir='ltr'>vera</span> <span class='ocrx_word' id='word_1_117' title='bbox 385 3032 577 3119; x_wconf 85' lang='lat' dir='ltr'>Euripidem</span> <span class='ocrx_word' id='word_1_118' title='bbox 600 3033 858 3119; x_wconf 83' lang='lat' dir='ltr'>colligendorum</span> <span class='ocrx_word' id='word_1_119' title='bbox 885 3033 1041 3099; x_wconf 90' lang='lat' dir='ltr'>librorum</span> <span class='ocrx_word' id='word_1_120' title='bbox 1065 3033 1161 3098; x_wconf 91' lang='lat' dir='ltr'>valde</span> <span class='ocrx_word' id='word_1_121' title='bbox 1174 3032 1358 3098; x_wconf 90' lang='lat' dir='ltr'>studiosum</span> 
     </span>
     <span class='ocr_line' id='line_1_19' title="bbox 274 3144 1357 3232; baseline 0 -23"><span class='ocrx_word' id='word_1_122' title='bbox 274 3144 404 3232; x_wconf 44' lang='lat' dir='ltr'>wfuisse,</span> <span class='ocrx_word' id='word_1_123' title='bbox 429 3153 462 3212; x_wconf 87' lang='lat' dir='ltr'>et</span> <span class='ocrx_word' id='word_1_124' title='bbox 485 3146 537 3213; x_wconf 90' lang='lat' dir='ltr'>vel</span> <span class='ocrx_word' id='word_1_125' title='bbox 558 3147 700 3232; x_wconf 91' lang='lat' dir='ltr'>primum</span> <span class='ocrx_word' id='word_1_126' title='bbox 717 3147 865 3212; x_wconf 74' lang='lat' dir='ltr'>extitisse</span> <span class='ocrx_word' id='word_1_127' title='bbox 880 3146 935 3232; x_wconf 90' lang='lat' dir='ltr'>qui</span> <span class='ocrx_word' id='word_1_128' title='bbox 952 3147 1112 3231; x_wconf 89' lang='lat' dir='ltr'>privatam</span> <span class='ocrx_word' id='word_1_129' title='bbox 1125 3146 1357 3217; x_wconf 81' lang='lat' dir='ltr'>bibliothecam</span> 
     </span>
     <span class='ocr_line' id='line_1_20' title="bbox 287 3259 1357 3346; baseline -0.002 -20"><span class='ocrx_word' id='word_1_130' title='bbox 287 3259 428 3326; x_wconf 87' lang='lat' dir='ltr'>haberet</span> <span class='ocrx_word' id='word_1_131' title='bbox 475 3259 589 3346; x_wconf 84' lang='lat' dir='ltr'>Neque</span> <span class='ocrx_word' id='word_1_132' title='bbox 619 3260 835 3326; x_wconf 90' lang='lat' dir='ltr'>dubitandum</span> <span class='ocrx_word' id='word_1_133' title='bbox 867 3265 918 3326; x_wconf 84' lang='lat' dir='ltr'>est</span> <span class='ocrx_word' id='word_1_134' title='bbox 947 3259 1025 3346; x_wconf 91' lang='lat' dir='ltr'>quin</span> <span class='ocrx_word' id='word_1_135' title='bbox 1051 3260 1164 3326; x_wconf 88' lang='lat' dir='ltr'>sedulo</span> <span class='ocrx_word' id='word_1_136' title='bbox 1186 3260 1227 3326; x_wconf 89' lang='lat' dir='ltr'>iis</span> <span class='ocrx_word' id='word_1_137' title='bbox 1251 3261 1357 3326; x_wconf 90' lang='lat' dir='ltr'>subsi-</span> 
     </span>
     <span class='ocr_line' id='line_1_21' title="bbox 287 3373 1354 3458; baseline 0.002 -21"><span class='ocrx_word' id='word_1_138' title='bbox 287 3373 351 3439; x_wconf 90' lang='lat' dir='ltr'>diis</span> <span class='ocrx_word' id='word_1_139' title='bbox 375 3374 541 3442; x_wconf 84' lang='lat' dir='ltr'>doetrinae</span> <span class='ocrx_word' id='word_1_140' title='bbox 562 3396 641 3441; x_wconf 89' lang='lat' dir='ltr'>usus</span> <span class='ocrx_word' id='word_1_141' title='bbox 665 3374 709 3440; x_wconf 89' lang='lat' dir='ltr'>sit</span> <span class='ocrx_word' id='word_1_142' title='bbox 717 3401 726 3452; x_wconf 94' lang='lat'>;</span> <span class='ocrx_word' id='word_1_143' title='bbox 751 3380 851 3440; x_wconf 88' lang='lat' dir='ltr'>testes</span> <span class='ocrx_word' id='word_1_144' title='bbox 875 3380 953 3439; x_wconf 88' lang='lat' dir='ltr'>sunt</span> <span class='ocrx_word' id='word_1_145' title='bbox 974 3373 1098 3458; x_wconf 90' lang='lat' dir='ltr'>passim</span> <span class='ocrx_word' id='word_1_146' title='bbox 1121 3373 1191 3458; x_wconf 91' lang='lat' dir='ltr'>ejus</span> <span class='ocrx_word' id='word_1_147' title='bbox 1214 3373 1354 3457; x_wconf 89' lang='lat' dir='ltr'>fabulae,</span> 
     </span>
     <span class='ocr_line' id='line_1_22' title="bbox 287 3485 1356 3574; baseline -0.001 -23"><span class='ocrx_word' id='word_1_148' title='bbox 287 3508 361 3552; x_wconf 89' lang='lat' dir='ltr'>eum</span> <span class='ocrx_word' id='word_1_149' title='bbox 391 3488 466 3574; x_wconf 90' lang='lat' dir='ltr'>plus</span> <span class='ocrx_word' id='word_1_150' title='bbox 498 3487 600 3553; x_wconf 88' lang='lat' dir='ltr'>nimio</span> <span class='ocrx_word' id='word_1_151' title='bbox 630 3486 831 3553; x_wconf 89' lang='lat' dir='ltr'>eveteribus</span> <span class='ocrx_word' id='word_1_152' title='bbox 856 3486 1053 3552; x_wconf 84' lang='lat' dir='ltr'>membranis</span> <span class='ocrx_word' id='word_1_153' title='bbox 1076 3485 1233 3554; x_wconf 88' lang='lat' dir='ltr'>hausisse.</span> <span class='ocrx_word' id='word_1_154' title='bbox 1281 3486 1356 3550; x_wconf 80' lang='lat' dir='ltr'>Tra-</span> 
     </span>
     <span class='ocr_line' id='line_1_23' title="bbox 235 3597 1355 3686; baseline -0.003 -21"><span class='ocrx_word' id='word_1_155' title='bbox 235 3617 237 3622; x_wconf 84' lang='grc'><strong>’</strong></span> <span class='ocrx_word' id='word_1_156' title='bbox 285 3599 418 3686; x_wconf 87' lang='lat' dir='ltr'>goedias</span> <span class='ocrx_word' id='word_1_157' title='bbox 441 3623 516 3668; x_wconf 87' lang='lat' dir='ltr'>eum</span> <span class='ocrx_word' id='word_1_158' title='bbox 539 3601 750 3667; x_wconf 89' lang='lat' dir='ltr'>meditaretur</span> <span class='ocrx_word' id='word_1_159' title='bbox 771 3622 836 3665; x_wconf 91' lang='lat' dir='ltr'>non</span> <span class='ocrx_word' id='word_1_160' title='bbox 849 3605 979 3665; x_wconf 86' lang='lat' dir='ltr'>secutus</span> <span class='ocrx_word' id='word_1_161' title='bbox 992 3605 1043 3664; x_wconf 90' lang='lat' dir='ltr'>est</span> <span class='ocrx_word' id='word_1_162' title='bbox 1054 3619 1185 3664; x_wconf 88' lang='lat' dir='ltr'>auream</span> <span class='ocrx_word' id='word_1_163' title='bbox 1197 3597 1355 3683; x_wconf 79' lang='lat' dir='ltr'>regulam,</span> 
     </span>
     <span class='ocr_line' id='line_1_24' title="bbox 286 3712 1012 3801; baseline -0.004 -22"><span class='ocrx_word' id='word_1_164' title='bbox 286 3735 368 3799; x_wconf 88' lang='lat' dir='ltr'>quae</span> <span class='ocrx_word' id='word_1_165' title='bbox 388 3713 569 3801; x_wconf 87' lang='lat' dir='ltr'>antiquitus</span> <span class='ocrx_word' id='word_1_166' title='bbox 592 3735 693 3801; x_wconf 85' lang='lat' dir='ltr'>aeque</span> <span class='ocrx_word' id='word_1_167' title='bbox 715 3712 818 3779; x_wconf 90' lang='lat' dir='ltr'>valuit</span> <span class='ocrx_word' id='word_1_168' title='bbox 839 3735 876 3778; x_wconf 88' lang='lat' dir='ltr'>ao</span> <span class='ocrx_word' id='word_1_169' title='bbox 900 3712 1012 3778; x_wconf 87' lang='lat' dir='ltr'>hodie:</span> 
     </span>
     <span class='ocr_line' id='line_1_25' title="bbox 331 3826 1310 3909; baseline -0.001 -18"><span class='ocrx_word' id='word_1_170' title='bbox 331 3827 524 3893; x_wconf 80' lang='lat' dir='ltr'>“Materiam</span> <span class='ocrx_word' id='word_1_171' title='bbox 548 3850 588 3894; x_wconf 82' lang='lat' dir='ltr'>ex</span> <span class='ocrx_word' id='word_1_172' title='bbox 610 3827 780 3894; x_wconf 87' lang='lat' dir='ltr'>hominum</span> <span class='ocrx_word' id='word_1_173' title='bbox 805 3826 913 3892; x_wconf 86' lang='lat' dir='ltr'>media</span> <span class='ocrx_word' id='word_1_174' title='bbox 935 3827 1032 3891; x_wconf 89' lang='lat' dir='ltr'>modo</span> <span class='ocrx_word' id='word_1_175' title='bbox 1049 3827 1169 3892; x_wconf 88' lang='lat' dir='ltr'>sumite</span> <span class='ocrx_word' id='word_1_176' title='bbox 1184 3827 1251 3892; x_wconf 91' lang='lat' dir='ltr'>vita</span> <span class='ocrx_word' id='word_1_177' title='bbox 1265 3828 1310 3909; x_wconf 87' lang='lat'><strong>¹&#39;&#39;,</strong></span> 
     </span>
     <span class='ocr_line' id='line_1_26' title="bbox 285 3939 1354 4027; baseline -0.002 -21"><span class='ocrx_word' id='word_1_178' title='bbox 285 3939 343 4006; x_wconf 88' lang='lat' dir='ltr'>sed</span> <span class='ocrx_word' id='word_1_179' title='bbox 372 3939 481 4026; x_wconf 86' lang='lat' dir='ltr'>potius</span> <span class='ocrx_word' id='word_1_180' title='bbox 502 3940 586 4007; x_wconf 90' lang='lat' dir='ltr'>inter</span> <span class='ocrx_word' id='word_1_181' title='bbox 609 3942 777 4007; x_wconf 84' lang='lat' dir='ltr'>thesauros</span> <span class='ocrx_word' id='word_1_182' title='bbox 802 3939 992 4005; x_wconf 90' lang='lat' dir='ltr'>eruditionis</span> <span class='ocrx_word' id='word_1_183' title='bbox 1023 3961 1104 4026; x_wconf 90' lang='lat' dir='ltr'>quos</span> <span class='ocrx_word' id='word_1_184' title='bbox 1132 3940 1196 4008; x_wconf 90' lang='lat' dir='ltr'>sibi</span> <span class='ocrx_word' id='word_1_185' title='bbox 1218 3941 1354 4027; x_wconf 84' lang='lat' dir='ltr'>conqui-</span> 
     </span>
     <span class='ocr_line' id='line_1_27' title="bbox 285 4052 1354 4139; baseline 0.002 -19"><span class='ocrx_word' id='word_1_186' title='bbox 285 4053 405 4120; x_wconf 87' lang='lat' dir='ltr'>siverat</span> <span class='ocrx_word' id='word_1_187' title='bbox 438 4053 577 4139; x_wconf 82' lang='lat' dir='ltr'>degens,</span> <span class='ocrx_word' id='word_1_188' title='bbox 611 4054 714 4120; x_wconf 87' lang='lat' dir='ltr'>vitam</span> <span class='ocrx_word' id='word_1_189' title='bbox 750 4059 783 4120; x_wconf 88' lang='lat' dir='ltr'>et</span> <span class='ocrx_word' id='word_1_190' title='bbox 818 4052 966 4118; x_wconf 91' lang='lat' dir='ltr'>homines</span> <span class='ocrx_word' id='word_1_191' title='bbox 999 4054 1254 4122; x_wconf 86' lang='lat' dir='ltr'>ebibiiotheoae</span> <span class='ocrx_word' id='word_1_192' title='bbox 1277 4079 1354 4122; x_wconf 87' lang='lat' dir='ltr'>suae</span> 
     </span>
    </p>
   </div>
   <div class='ocr_carea' id='block_1_5' title="bbox 280 4224 1354 4471">
    <p class='ocr_par' dir='ltr' id='par_1_5' title="bbox 280 4224 1354 4471">
     <span class='ocr_line' id='line_1_28' title="bbox 318 4224 1354 4293; baseline -0.001 -15"><span class='ocrx_word' id='word_1_193' title='bbox 318 4229 324 4258; x_wconf 92' lang='lat'>&#39;</span> <span class='ocrx_word' id='word_1_194' title='bbox 358 4225 457 4278; x_wconf 73' lang='lat' dir='ltr'>“Graia</span> <span class='ocrx_word' id='word_1_195' title='bbox 481 4241 529 4276; x_wconf 85' lang='lat' dir='ltr'>nur</span> <span class='ocrx_word' id='word_1_196' title='bbox 554 4226 637 4276; x_wconf 83' lang='lat' dir='ltr'>himin</span> <span class='ocrx_word' id='word_1_197' title='bbox 657 4226 696 4274; x_wconf 86' lang='lat' dir='ltr'>im</span> <span class='ocrx_word' id='word_1_198' title='bbox 721 4225 786 4274; x_wconf 86' lang='lat' dir='ltr'>rolla</span> <span class='ocrx_word' id='word_1_199' title='bbox 803 4224 1035 4276; x_wconf 69' lang='lat' dir='ltr'>menschenlabens·</span> <span class='ocrx_word' id='word_1_200' title='bbox 1070 4224 1171 4286; x_wconf 84' lang='lat' dir='ltr'>(Goeth.</span> <span class='ocrx_word' id='word_1_201' title='bbox 1186 4228 1265 4278; x_wconf 74' lang='lat' dir='ltr'>naun</span> <span class='ocrx_word' id='word_1_202' title='bbox 1279 4229 1354 4293; x_wconf 83' lang='lat' dir='ltr'>proi.)</span> 
     </span>
     <span class='ocr_line' id='line_1_29' title="bbox 282 4312 1354 4379; baseline 0.001 -13"><span class='ocrx_word' id='word_1_203' title='bbox 282 4318 312 4366; x_wconf 90' lang='lat' dir='ltr'>In</span> <span class='ocrx_word' id='word_1_204' title='bbox 338 4315 524 4365; x_wconf 84' lang='lat' dir='ltr'>narratiuncula</span> <span class='ocrx_word' id='word_1_205' title='bbox 548 4315 613 4379; x_wconf 85' lang='lat' dir='ltr'>apud</span> <span class='ocrx_word' id='word_1_206' title='bbox 637 4314 693 4368; x_wconf 80' lang='lat' dir='ltr'>val.</span> <span class='ocrx_word' id='word_1_207' title='bbox 718 4313 859 4363; x_wconf 83' lang='lat' dir='ltr'>Maximum</span> <span class='ocrx_word' id='word_1_208' title='bbox 884 4313 939 4372; x_wconf 90' lang='lat'>111,</span> <span class='ocrx_word' id='word_1_209' title='bbox 965 4312 1074 4375; x_wconf 84' lang='lat' dir='ltr'>7jaetat</span> <span class='ocrx_word' id='word_1_210' title='bbox 1091 4327 1118 4362; x_wconf 83' lang='lat' dir='ltr'>sa</span> <span class='ocrx_word' id='word_1_211' title='bbox 1135 4329 1235 4379; x_wconf 82' lang='lat' dir='ltr'>operam</span> <span class='ocrx_word' id='word_1_212' title='bbox 1252 4319 1311 4367; x_wconf 87' lang='lat' dir='ltr'>dore</span> <span class='ocrx_word' id='word_1_213' title='bbox 1327 4329 1354 4368; x_wconf 80' lang='lat' dir='ltr'>ut</span> 
     </span>
     <span class='ocr_line' id='line_1_30' title="bbox 280 4403 829 4471; baseline -0.009 -15"><span class='ocrx_word' id='word_1_214' title='bbox 280 4407 399 4471; x_wconf 89' lang='lat' dir='ltr'>populum</span> <span class='ocrx_word' id='word_1_215' title='bbox 415 4407 516 4462; x_wconf 79' lang='lat' dir='ltr'>doceat,</span> <span class='ocrx_word' id='word_1_216' title='bbox 532 4419 583 4452; x_wconf 85' lang='lat' dir='ltr'>non</span> <span class='ocrx_word' id='word_1_217' title='bbox 599 4408 628 4451; x_wconf 80' lang='lat' dir='ltr'>nt</span> <span class='ocrx_word' id='word_1_218' title='bbox 644 4404 677 4451; x_wconf 80' lang='lat' dir='ltr'>ab</span> <span class='ocrx_word' id='word_1_219' title='bbox 694 4419 721 4451; x_wconf 82' lang='lat' dir='ltr'>eo</span> <span class='ocrx_word' id='word_1_220' title='bbox 738 4403 829 4452; x_wconf 64' lang='lat' dir='ltr'>dhoet.</span> 
     </span>
    </p>
   </div>
   <div class='ocr_carea' id='block_1_6' title="bbox 0 0 1612 5154">
    <p class='ocr_par' dir='ltr' id='par_1_6' title="bbox 0 0 1612 5154">
     <span class='ocr_line' id='line_1_31' title="bbox 0 0 1612 5154; baseline 0 3"><span class='ocrx_word' id='word_1_221' title='bbox 0 0 1612 5154; x_wconf 95' lang='lat' dir='ltr'> </span> 
     </span>
    </p>
   </div>
  </div>
 </body>
</html>
