3222 5170
802 409 863 471 100

293 593 403 657 omnia
430 615 482 658 me
512 593 643 677 fallunt,
668 614 764 658 eausa
786 593 850 657 fuit
875 613 932 658 cnr
955 592 1098 678 prologis
1122 593 1280 659 utendum
1305 593 1368 659 sibi

211 773 216 784 ,
291 727 361 772 esse
383 712 520 790 putaret.

338 818 400 884 Sed
434 821 559 906 prologi
594 820 763 906 Euripidei
796 820 830 885 id
861 820 1021 909 peculiare
1043 821 1166 886 habent
1189 823 1273 906 quod
1302 844 1368 887 non

292 931 389 998 modo
419 933 565 1000 indicant
595 956 678 1020 quae
708 934 812 1017 facta,
848 923 1027 999 sedetiam
1049 955 1131 1020 quac
1154 934 1265 1000 futura
1288 935 1365 1000 sint.

292 1045 364 1112 Hac
387 1046 517 1132 quidem
540 1047 574 1112 in
597 1069 632 1112 re
653 1069 758 1133 neque
781 1069 878 1132 quem
901 1046 1084 1112 imitaretur
1107 1047 1243 1131 invenit,
1264 1069 1368 1134 neque

292 1167 449 1245 quantum
464 1160 530 1226 scio
542 1166 672 1226 secutus
688 1182 762 1226 eum
778 1167 828 1226 est
839 1160 1021 1246 quisquam.
1049 1160 1151 1246 Saepe
1164 1162 1224 1226 hoc
1237 1162 1368 1226 nomine

291 1273 503 1358 reprehensus
527 1279 587 1356 est,
612 1294 711 1359 quum
736 1272 845 1338 minus
862 1273 969 1338 valere
988 1273 1029 1338 ad
1049 1274 1174 1339 animos
1191 1273 1367 1340 movendos

292 1393 474 1451 censeretur
496 1386 608 1451 fabula
631 1383 723 1471 cujus
746 1386 853 1451 exitus
872 1384 942 1469 jam
968 1409 985 1452 e
1004 1386 1139 1472 prologo
1160 1393 1257 1453 nctus
1271 1391 1364 1454 esset

294 1497 473 1564 Defendere
507 1498 635 1564 studuit
658 1499 848 1584 Lessingius
868 1500 897 1582 ¹,
921 1498 978 1584 qui
1001 1504 1096 1584 putat
1120 1500 1310 1585 Euripidem
1333 1499 1368 1564 id

246 1679 254 1694 q
291 1610 377 1676 bona
409 1612 449 1676 de
483 1633 579 1678 causa
613 1612 821 1698 consulteque
844 1611 977 1695 fecisse,
1002 1611 1157 1676 nimirum
1180 1618 1217 1678 ut
1240 1619 1366 1699 specta-

293 1731 395 1807 tores,
414 1725 485 1810 jam
508 1723 584 1790 inde
607 1726 647 1790 ab
671 1724 766 1790 initio
788 1736 957 1810 perspecta
971 1731 1183 1812 καταστροφῇ,
1201 1727 1367 1810 potentius

292 1835 493 1902 afficerentur
515 1837 620 1922 priore
643 1837 799 1903 dramatis
812 1847 904 1922 parte
916 1859 979 1923 qua
994 1838 1179 1903 continetur
1189 1839 1365 1923 expositio;

291 1970 365 2013 vere
401 1970 494 2034 porro
527 1950 694 2031 observat,
733 1949 761 2014 si
796 1957 893 2015 notus
928 1949 1036 2015 exitus
1071 1957 1218 2034 noceret,
1248 1951 1367 2016 iterum

292 2083 406 2126 scenae
434 2061 642 2127 commissam
675 2061 820 2127 fabulam
850 2084 1018 2148 nunqnam
1040 2062 1244 2149 placituram.
1291 2063 1367 2128 Non

291 2172 414 2240 invitus
448 2175 595 2259 equidem
625 2174 660 2239 in
687 2174 813 2260 judicio
847 2176 1010 2263 Lessingii
1044 2176 1229 2262 acquiesce,
1265 2198 1367 2263 quum

290 2287 480 2373 praesertim
503 2286 740 2373 Aristophanes
770 2287 853 2353 hanc
878 2283 1006 2374 prologi
1029 2287 1199 2373 Euripidei
1222 2288 1366 2375 proprie-

290 2407 392 2468 tatem
426 2421 492 2464 non
525 2399 735 2485 vituperarit3
767 2399 864 2465 liceat
887 2421 962 2487 ergo
984 2416 1099 2487 poetae
1117 2401 1188 2487 jam
1210 2423 1230 2466 a
1251 2401 1367 2466 limine

290 2513 473 2599 significare
497 2512 732 2598 spectatoribus
756 2535 837 2599 quae
860 2513 1011 2600 deinceps
1035 2520 1191 2580 eventura
1206 2515 1290 2593 sint;
1309 2515 1367 2580 sed

289 2646 466 2712 uunquam,
490 2625 631 2692 adducar
663 2630 702 2690 ut
733 2626 937 2711 comprobem
961 2626 1049 2711 ipsos
1073 2629 1223 2715 prologos
1247 2629 1365 2715 quibus

289 2721 462 2824 Euripides
500 2738 534 2802 id
568 2737 739 2804 consilium
777 2745 963 2823 persecutus
1002 2746 1060 2805 cst.
1110 2741 1216 2807 Immo
1253 2744 1363 2828 potius

289 2852 470 2938 adstipulor
491 2850 722 2935 Aristophani,
747 2871 848 2936 quum
872 2852 1022 2927 ληκύθιον
1045 2874 1141 2918 suum
1164 2855 1270 2941 affigit
1286 2878 1362 2940 pro-

289 2967 402 3032 oemiis
426 2964 492 3029 illis
516 2963 644 3048 pumice
668 2963 872 3046 siccioribus,
891 2987 962 3030 vere
980 2966 1163 3033 somniferis
1183 2968 1360 3052 interdum,

322 3200 330 3231 ¹
348 3199 439 3250 Hsmb.
455 3199 568 3248 Dremet.
585 3195 620 3245 αθ.
637 3198 670 3246 48
685 3211 732 3261 sq.:
820 3260 822 3263 Ι

320 3288 388 3340 “Die
408 3287 531 3350 Riihrung
552 3285 590 3334 dic
613 3299 641 3336 er
657 3285 854 3350 hervorbringen
870 3287 953 3338 wollte
970 3290 1102 3353 versprach
1118 3305 1146 3340 er
1162 3292 1216 3342 sich
1232 3293 1302 3342 nicht
1318 3308 1362 3342 so-

291 3378 370 3429 “wohl
390 3391 439 3427 von
464 3377 520 3426 dem
545 3390 597 3425 was
617 3375 758 3439 geschehen
780 3375 849 3425 sollte
869 3376 905 3426 als
921 3391 969 3426 von
986 3378 1031 3428 der
1046 3379 1098 3429 Art
1114 3383 1161 3428 wis
1178 3394 1204 3429 es
1219 3381 1361 3446 geschehen

287 3467 400 3518 “sollte'‘

319 3561 372 3609 “Ist
388 3572 414 3608 es
431 3557 499 3607 nicht
514 3557 596 3608 bcsser
611 3559 668 3606 dass
685 3557 730 3606 wir
745 3557 782 3607 sie
799 3559 848 3620 (res
864 3557 959 3608 futurus
975 3559 1102 3620 nimirum,
1118 3560 1163 3609 soli
1175 3561 1360 3626 numininctas)

286 3648 380 3697 “durch
395 3648 436 3697 dis
452 3646 688 3697 Dsawischenkunst
703 3646 771 3695 eines
789 3645 875 3696 Gottes
892 3648 983 3697 vorher
999 3649 1127 3707 artemon,
1148 3650 1185 3698 als
1199 3665 1246 3716 ger
1261 3651 1360 3700 nicht?''

318 3739 393 3788 Ridet
409 3751 485 3800 porro
501 3736 582 3800 Angli
601 3735 749 3786 Whissheud
765 3737 850 3786 drama
866 3735 986 3788 Oreiisam
1003 3742 1058 3787 “wo
1074 3739 1115 3787 ihr
1132 3739 1194 3788 alles
1214 3755 1264 3790 von
1278 3741 1359 3790 cinam

285 3829 368 3878 “alten
388 3826 576 3892 plauderhaften
591 3827 745 3876 Vertrnutsn
762 3825 857 3875 erfahrt
881 3827 929 3876 den
945 3827 1000 3876 aine
1017 3829 1194 3894 verschlsgens
1211 3829 1360 3893 Zigeuuerin

285 3916 438 3982 '‘sussrsgt.”
456 3916 577 3978 (Quaeres
593 3924 687 3973 tamen,
704 3915 726 3963 si
742 3915 824 3979 Angli
843 3915 930 3964 meme
945 3915 1081 3979 Euripides
1096 3917 1171 3982 longe
1188 3919 1291 3968 inferius
1308 3929 1359 3978 est,

285 4023 366 4058 ennon
381 4007 428 4056 hac
444 4021 494 4056 una
508 4015 576 4056 certa
592 4006 618 4054 in
634 4016 704 4068 perte
721 4005 822 4068 Anglus
838 4004 962 4056 Graecum
978 4005 1086 4070 vicarit).

297 4081 429 4161 'nonque
454 4096 502 4144 hoc
525 4095 621 4146 serien:
647 4096 700 4144 “ns
720 4096 752 4144 ra
772 4095 827 4144 nar
843 4095 898 4144 sm
914 4095 961 4144 nn
980 4095 1020 4145 ue
1037 4095 1140 4160 saone,
1156 4096 1234 4146 seren
1250 4097 1359 4161 Prologe

284 4187 376 4237 “ihnen
393 4183 494 4248 (criticis
510 4183 610 4247 nempe)
627 4197 654 4232 so
671 4182 722 4233 viel
739 4183 890 4247 Aergeruiss
907 4183 1025 4244 macheu,
1040 4184 1103 4234 euch
1123 4186 1189 4234 ohne
1211 4187 1278 4236 disse
1296 4189 1357 4238 Pro-

283 4278 356 4341 “loge
372 4276 543 4326 vollkommen
559 4290 622 4340 gans
639 4275 690 4324 und
708 4274 877 4325 vollkommen
898 4274 1063 4326 vorstiudlich
1080 4276 1136 4325 siud
1141 4310 1212 4328 .....
1243 4279 1358 4344 Vergebt

282 4370 355 4415 “dem
379 4367 485 4418 Dichter
508 4366 571 4416 doch
594 4366 683 4416 immor
705 4366 778 4414 sinan
798 4365 890 4415 Fchler
907 4366 952 4415 der
968 4365 1014 4414 mit
1030 4366 1111 4417 ciuem
1127 4366 1243 4432 aimigen
1259 4369 1357 4420 Strichs

283 4458 342 4505 “der
361 4456 441 4508 Fadar
457 4466 504 4521 gut
520 4473 550 4506 zu
566 4456 670 4506 macheu
685 4455 741 4505 ist'·
796 4443 797 4446 ¹
884 4447 889 4457 “
