3222 5170
794 410 875 423 ς-

779 561 887 626 XXV.

343 697 464 769 catull.
490 707 549 787 68,
577 707 639 768 149
664 703 796 769 malim:
820 727 879 790 quo
899 708 998 790 poteri.

769 881 894 946 XXVI.

340 1019 483 1104 Propert
510 1020 559 1100 V,
586 1023 624 1102 5,
649 1023 692 1086 40
716 1041 774 1104 pro
788 1019 912 1084 Laribus
931 1018 1064 1083 alternis
1080 1016 1207 1101 legatur·
1224 1017 1379 1084 Dennaba·

295 1133 434 1200 ulterius.

760 1245 909 1310 XXVII.

338 1387 438 1471 Apud
465 1385 637 1452 Iustinum
667 1386 738 1469 XI,
769 1391 798 1450 I:
826 1391 859 1450 ia
884 1409 945 1472 quo
971 1395 1072 1450 aetate
1095 1390 1140 1451 ito
1162 1386 1319 1453 moderate
1340 1388 1379 1450 de

294 1522 327 1564 ae
351 1499 449 1564 multo
468 1499 631 1584 pollicitae
654 1509 711 1582 eat,
740 1508 774 1563 at
797 1509 970 1584 appareret
983 1499 1085 1584 pluro
1100 1503 1377 1584 'eumeoperz‘men-

294 1617 336 1678 tia
358 1633 538 1695 reservare,
562 1611 709 1676 deleatur
731 1611 898 1676 moderate.

753 1772 919 1837 XXVIII.

341 1857 531 1988 sophoclem
558 1901 609 1968 01.
636 1905 697 1985 33,
724 1904 744 1968 3
761 1923 827 1966 non
844 1922 918 1966 vero
933 1899 983 1966 OI.
999 1903 1058 1983 93,
1077 1904 1274 1968 emortuum
1289 1926 1377 1987 ease,

295 2036 335 2078 ex
366 2011 601 2098 compositione
634 2013 801 2079 Bonorum
824 2012 1057 2098 Aristophanis
1084 2013 1212 2080 videtur
1236 2016 1377 2103 liquere:

295 2128 382 2213 apud
407 2126 645 2192 Bemhardium
669 2126 788 2212 igitur,
816 2127 872 2220 Gr.
899 2126 998 2192 Liter.
1026 2125 1135 2211 gesoh.
1167 2128 1218 2210 II,
1244 2131 1279 2195 ‘2³
1302 2153 1375 2216 pag.

296 2244 358 2306 :312
383 2263 441 2326 pro
465 2236 517 2310 01.
541 2237 602 2323 93,
627 2237 662 2310 2.
685 2236 762 2308 406
785 2239 914 2324 legatur
937 2236 989 2308 01.
1014 2236 1076 2322 93,
1099 2237 1133 2309 3.
1156 2237 1243 2310 406.

771 2414 901 2479 XXIX.

339 2553 389 2617 De
423 2550 614 2634 redeuermg
637 2571 700 2614 van
725 2548 821 2613 Plato
847 2550 1011 2614 Phaedon.
1037 2572 1112 2634 pag.
1142 2555 1182 2615 70
1207 2551 1318 2620 0-71
1347 2556 1375 2620 Ε

296 2666 322 2731 ia
347 2665 416 2729 niet
439 2663 472 2726 In
497 2663 813 2746 overeouatemming
836 2668 905 2726 met
928 2663 968 2727 ‹Io
992 2661 1139 2748 logisohe
1159 2673 1287 2734 wetten.

777 2824 888 2890 XXX.

338 2967 378 3031 In
403 2968 464 3032 den
491 2967 617 3032 Roman
632 2966 687 3031 der
701 2965 894 3047 Lorreinen,
916 2965 1030 3030 IIerste
1043 2966 1224 3050 fragment,
1244 2969 1318 3033 Ius.
1332 2975 1375 3034 45

291 3102 331 3145 eu
355 3103 428 3166 vgg.
456 3089 559 3145 staat:

535 3191 620 3252 Euda
643 3211 694 3252 oeo
715 3190 863 3251 hemelike
885 3191 949 3250 niet
971 3191 1041 3262 leot,

535 3287 578 3347 Hi
600 3306 636 3347 en
658 3287 712 3347 Iiet
732 3286 801 3346 hem
823 3294 960 3346 verstaon
982 3295 1097 3364 gomet,

533 3382 659 3442 Itathise
681 3381 767 3442 beido
788 3382 859 3441 sach
882 3388 911 3442 te
933 3402 1044 3443 samen.

336 3490 375 3554 In
410 3488 472 3554 den
502 3494 629 3555 eeraten
662 3486 750 3573 rogel
783 3489 852 3552 Ieze
880 3511 973 3554 men:
1003 3491 1096 3554 Eudo
1123 3513 1192 3556 soe
1216 3493 1376 3558 IremeIike

290 3603 383 3668 niet
414 3623 462 3665 en
486 3601 565 3684 leet,

770 3739 897 3804 XXXI.

336 3853 420 3918 lbid.
448 3852 475 3934 I,
501 3855 580 3917 673:

534 3967 588 4026 Sue
610 3966 662 4027 dat
688 3967 718 4026 hi
740 3967 819 4027 bloet
847 3987 928 4027 maer
950 3987 986 4028 eu
1007 3970 1124 4029 ontfloe.

337 4073 431 4138 Loea:
456 4075 517 4138 Soe
539 4074 595 4138 dat
621 4072 654 4137 hi
679 4073 768 4137 bIoet
794 4095 883 4138 maer
906 4095 980 4138 ona
1004 4075 1132 4140 outfloe.

752 4287 913 4325 -Ooyo—
