3222 5170
284 955 286 960 ·
335 993 337 995 -
411 901 517 1035 tom
542 953 605 1032 ux
630 951 936 1034 misrommr
963 952 1181 1034 mosum

312 1115 656 1198 rumrmmruu
686 1113 918 1194 imorum
948 1113 1241 1194 ccrmmmm
1260 1116 1281 1194 ¹.

689 1343 883 1358 WNWW

297 1501 435 1566 dolium.
456 1521 499 1562 vs.
521 1507 538 1563 7
560 1519 617 1580 sq.:
1121 1583 1124 1590 Α

652 1633 661 1656 ι
746 1595 830 1681 φιλῶ
849 1600 925 1672 τοὺς
947 1601 1059 1673 ἱππέας

418 1689 466 1757 διὰ
489 1698 581 1755 τοῦτο
602 1689 760 1776 τοῦργον·
783 1687 873 1764 ἄξιον
894 1693 958 1779 γὰρ
980 1689 1123 1757 Ἑλλάδι·

298 1784 465 1846 Secundum
486 1785 577 1846 schol.
596 1785 705 1845 ultima
725 1785 814 1845 verba
834 1791 934 1846 sumta
953 1791 1025 1847 sunt
1045 1805 1081 1846 ex
1101 1785 1254 1866 Euripidis
1276 1787 1332 1848 Te-

256 1879 358 1958 lepho,
381 1881 433 1941 ubi
454 1881 533 1940 hunc
547 1871 672 1941 'versmn
693 1880 854 1941 occurrisse
874 1879 960 1940 dicit:

419 1979 520 2051 κακῶς
540 1969 669 2041 ὀλοῖοτ’·
693 1972 784 2049 ἄξιον
803 1977 867 2062 γὰρ
888 1973 1032 2042 Ἑλλάδι·

908 2071 1021 2134 (Frugm.
1037 2071 1099 2121 Eur.
1117 2073 1167 2124 718
1183 2073 1268 2135 Dind.)

299 2186 381 2250 ltid.
402 2204 444 2246 vs.
468 2190 538 2246 119:

419 2282 443 2346 ὦ
467 2279 690 2369 θερμόβουλον
711 2283 857 2368 πρωκτὸν
881 2279 1053 2369 ἐξυρημένε·

299 2375 395 2436 Schol.
425 2395 460 2436 ex
486 2375 640 2455 Euripidis
662 2374 775 2435 Medec'
796 2375 881 2436 affert
909 2395 1039 2436 versum:
1062 2377 1086 2440 ὦ
1109 2374 1334 2463 θερμόβουλον

260 2469 464 2558 σπλάγχνον.
485 2469 555 2530 Non
571 2475 671 2530 tamen
687 2468 834 2548 ejusmodi
848 2468 962 2529 dictum
974 2469 1007 2529 in
1017 2487 1052 2528 ea
1061 2469 1164 2529 fabule
1174 2470 1335 2531 invenitur.

989 2560 1104 2627 (Frugm.
1118 2563 1168 2614 852
1184 2564 1270 2626 Dind.)

300 2678 383 2742 lbid.
405 2697 447 2738 vs·
468 2682 541 2739 440:

421 2771 465 2840 δεῖ
484 2776 547 2862 γάρ
568 2801 604 2856 με
626 2771 715 2847 δόξαι
735 2774 867 2860 πτωχὸν
889 2773 965 2838 εἶναι
986 2776 1136 2861 τήμερον,

420 2869 497 2935 εἶναι
516 2876 572 2952 μὲν
594 2873 692 2956 ὅσπερ
714 2872 787 2953 εἶμί,
807 2867 970 2954 φαίνεσθαι
991 2865 1021 2934 δὲ
1043 2871 1095 2952 μή·
1344 2936 1349 2946 ,

302 2961 345 3022 Hi
372 2962 431 3023 duo
457 2981 572 3035 versus,
600 2968 675 3024 teste
701 2961 806 3036 schot,
830 2980 845 3021 ο
864 2960 995 3040 Telepho
1016 2962 1109 3022 sumti
1128 2968 1211 3034 sunt;
1229 2963 1336 3043 prioris

262 3063 362 3116 tumen
385 3057 490 3118 exitus
503 3058 682 3136 tragicorum
704 3057 821 3136 legibus
840 3057 972 3117 metricis
991 3063 1147 3135 repugnat.

990 3151 1101 3214 (Fregm.
1119 3154 1168 3202 699
1185 3153 1270 3218 Dind.)

302 3265 385 3328 ibid.
406 3284 448 3326 vs.
469 3269 541 3326 446:

422 3357 646 3446 εὐδαιμονοίης·
669 3361 801 3449 Τηλέφῳ
822 3360 848 3429 δ’
870 3363 939 3449 ἁγὼ
962 3367 1080 3449 φρονῶ·

303 3455 416 3516 stimi-2
438 3459 522 3544 παρὰ
544 3459 582 3522 τὰ
604 3461 636 3523 ἐκ
656 3457 800 3544 Τηλέφου
823 3454 1005 3544 Εὐριπίδου·

422 3552 527 3628 καλῶς
547 3554 660 3640 ἔχοιμι·
682 3552 813 3639 Τηλέφῳ
836 3550 862 3619 δ’
884 3555 952 3636 ἆγώ
975 3559 1093 3640 φρονῶ·

987 3650 1100 3714 (Frugm.
1118 3651 1167 3703 702
1183 3651 1269 3712 Dind.)

181 3781 182 3784 ’
304 3765 386 3829 ibid.
407 3783 450 3825 vs.
472 3768 544 3824 454:

422 3863 453 3925 ri
474 3857 518 3932 δ’,
542 3861 566 3924 ὦ
586 3860 701 3936 τάλας,
724 3865 757 3925 σέ
779 3857 867 3926 τοῦδ’
884 3860 948 3948 ἐ’χει
968 3860 1105 3935 πλέκους
1127 3863 1237 3948 Χρὲθςὲ
1263 3845 1266 3853 Ι

296 4051 304 4082 ¹
321 4053 432 4102 Editioni
453 4052 669 4112 Acharnensium,
691 4067 753 4117 quse
770 4053 865 4116 prodiit
880 4066 941 4102 curu
957 4053 999 4102 W.
1016 4053 1146 4102 Ribbeckii
1165 4053 1243 4116 (Lips.
1264 4055 1336 4118 1864)

262 4132 406 4194 subjunctus
426 4139 464 4182 est
483 4131 611 4196 appendix
626 4133 660 4195 (p.
676 4133 829 4192 267-326),
845 4132 889 4181 ubi
905 4132 989 4197 agitur
1005 4133 1036 4182 dc
1047 4133 1168 4197 pastoritio
1185 4134 1338 4182 drartuttcte

263 4211 334 4274 apud
359 4213 460 4261 Atticos
483 4199 594 4262 comicos.
628 4211 695 4274 Quid
720 4211 782 4261 mihi
802 4226 859 4261 cum
879 4211 1057 4261 eoconvenist
1073 4212 1172 4274 etquid
1188 4211 1336 4274 discrepem,

263 4289 367 4354 singulis
390 4291 463 4350 locis,
488 4305 519 4341 ne
543 4291 651 4342 taedium
678 4305 803 4355 parerem,
828 4290 938 4340 indicare
961 4291 1129 4355 promemus
1152 4289 1222 4340 facilc
1254 4296 1337 4338 autem

264 4370 396 4433 perspiciet
420 4371 556 4421 benevolus
580 4371 672 4431 lector‚'
694 4372 715 4421 si
739 4371 802 4421 tenti
825 4371 951 4421 videbitur
975 4371 1059 4420 umbos
1079 4369 1205 4434 catalogos
1226 4370 1290 4419 inter
1311 4382 1338 4417 ee

263 4463 412 4513 comparare.
