3216 5154
776 411 815 470 75

501 592 564 678 κᾷτ’
588 597 619 657 ἐκ
640 597 761 658 τούτων
783 595 801 667 ἡ
823 594 921 668 πόλις
941 595 1029 676 ἡμῶν

501 701 768 785 ὑπογραμματέων
792 698 1006 782 ἀνεμεστώθη,

500 809 547 869 καὶ
566 802 779 890 βωμολόχων
803 800 1042 888 δημοπιθήκων,

500 906 725 982 ἐξαπατώντων
746 911 802 974 τὸν
825 906 923 992 δῆμον
945 908 1011 972 ἀεί·

501 1011 650 1097 λαμπάδα
671 1009 697 1078 δ’
720 1009 823 1088 οὐδεὶς
844 1014 914 1088 οἷός
935 1041 965 1078 τε
987 1015 1087 1100 φέρειν

501 1117 553 1182 ὑπ’
576 1119 773 1203 ἀγυμνασίας
796 1117 837 1182 ἔτι
860 1122 938 1182 vovi·

261 1260 374 1345 Neque
401 1263 506 1328 multo
528 1262 663 1345 mitius,
688 1263 722 1326 in
739 1261 810 1328 fine
830 1261 960 1328 fabulae
975 1262 1119 1327 advivos
1136 1261 1331 1346 regrediens,

260 1371 299 1437 de
324 1373 409 1440 victo
431 1374 613 1441 adversario
637 1375 812 1442 Plutonem
836 1387 948 1441 monet
969 1377 1030 1462 (vs.
1059 1373 1175 1458 1520):

501 1507 639 1586 μέμνησο
661 1500 687 1568 δ’
709 1507 797 1577 ὅπως
820 1508 837 1568 ὁ
860 1510 1045 1591 πανοῦργος
1061 1504 1145 1589 ἀνὴρ
1329 1539 1335 1554 ·

503 1611 549 1674 καὶ
571 1604 773 1694 ψευδολόγος
794 1607 844 1674 καὶ
865 1605 1066 1695 βωμολόχος
1238 1599 1240 1604 ¹

504 1708 649 1794 μηδέποτ’
673 1718 715 1788 εἰς
736 1715 792 1778 τὸν
814 1712 912 1779 θάκον
933 1717 991 1779 τὸν
1012 1715 1086 1795 ἐμὸν

503 1811 573 1898 μηδ’
597 1815 679 1882 ἀκων
701 1814 913 1902 ἐγκαθεδεῖται.

308 1946 437 2034 Quanto
468 1945 542 2010 odio
572 1946 705 2012 haberet
728 1945 876 2012 'comicus
901 1946 1113 2032 Euripideam
1137 1945 1333 2028 facundiam,

264 2060 342 2126 satis
366 2059 451 2124 clare
474 2081 560 2124 nunc
582 2059 733 2124 vidimus.
781 2058 859 2124 dam
883 2058 912 2123 si
938 2080 1050 2144 roges,
1075 2078 1140 2144 quo
1152 2058 1335 2144 jurcEnri-
1367 2093 1371 2101 ·

263 2173 332 2258 pidi
355 2173 531 2240 rhetoricae
550 2173 714 2259 ampullae
738 2179 771 2237 et
786 2172 928 2238 forensia
940 2172 1078 2238 artificia
1090 2172 1334 2258 exprobrentur,

263 2284 430 2352 fatendum
464 2292 515 2352 est
545 2307 618 2350 eum
642 2305 798 2370 perquam
822 2285 992 2350 adamasse
1017 2290 1207 2372 ornamenta
1229 2290 1335 2350 orato-

264 2399 330 2482 ria,
363 2403 396 2463 et
424 2398 564 2464 libenter
582 2399 774 2466 ostendisse
804 2399 838 2463 in
870 2397 990 2464 fabulis
1022 2398 1106 2480 suis,
1134 2419 1231 2483 quarn
1254 2398 1335 2464 bene

265 2516 375 2578 nosset
398 2509 527 2575 dicendi
552 2515 673 2588 artem,
699 2515 898 2596 quantopere
925 2510 988 2575 sibi
1011 2510 1046 2574 in
1063 2514 1216 2596 promptu
1227 2517 1337 2576 esent

264 2621 423 2707 ejusmodi
439 2619 616 2706 ἀντιλογίαι
634 2628 681 2724 καὶν
692 2620 844 2706 λογισμοὶ
859 2628 907 2688 καὶ
921 2626 1056 2710 στροφα1
1067 2621 1216 2734 ¹,quales
1228 2643 1336 2689 exem-

264 2735 312 2822 pli
331 2735 438 2821 gratia
459 2742 634 2804 cernuntur
653 2737 709 2802 ubi
725 2737 877 2803 brevibus
891 2737 1011 2803 dictis²
1027 2736 1192 2802 lacessunt
1207 2759 1241 2801 se
1255 2735 1337 2802 duae

265 2870 420 2935 personae
453 2850 610 2935 tragicae,
646 2851 844 2916 tetrametris
877 2856 915 2916 ut
941 2849 1121 2935 plurimum
1147 2849 1335 2933 trochaicis,

266 2983 402 3048 quorum
434 2961 557 3048 singuli
588 2962 714 3030 dictum
748 2975 781 3030 et
813 2985 1005 3050 responsum
1028 2963 1235 3047 contineant,
1261 2971 1335 3047 aut,

266 3076 321 3142 ubi
354 3075 528 3141 iambicum
559 3083 701 3144 metrum
731 3078 920 3156 adhibetur,
945 3077 980 3143 in
1005 3075 1207 3164 στιχομυθία,
1232 3077 1339 3143 idest

266 3189 426 3275 colloquio
448 3191 496 3255 ita
510 3191 659 3257 ordinato
677 3198 716 3257 ut
728 3199 865 3277 utraque
877 3213 1016 3278 persona
1028 3194 1168 3279 singulis
1183 3193 1234 3258 vel
1251 3192 1337 3259 binis

267 3304 422 3370 trimetris
446 3304 593 3371 absolvat
616 3307 812 3372 sententiam
827 3309 847 3370 ³.
884 3305 947 3372 Sed
960 3307 1110 3392 inprimis
1124 3314 1237 3393 captat
1244 3290 1338 3372 ¹cooa-

267 3417 372 3483 aiones
408 3418 621 3484 intersereudi
653 3420 720 3484 suis
754 3419 928 3505 tragoediis
962 3420 1141 3504 orationes,
1180 3442 1244 3485 non
1268 3443 1338 3484 raro

300 3665 306 3696 ¹
341 3665 404 3717 aas.
429 3681 465 3718 rs.
491 3667 554 3724 77a;
579 3673 729 3730 quapropter
755 3667 937 3730 Aristophanes
963 3682 1020 3717 eum
1046 3669 1072 3716 in
1090 3671 1196 3733 quodam
1213 3668 1339 3731 depcrditc

265 3756 375 3804 dramate
399 3754 588 3820 στρεψίμαλλον
610 3757 659 3816 τὴν
686 3756 778 3820 τέχνην
794 3757 905 3813 vocavit,
927 3757 1030 3806 testibus
1047 3757 1144 3808 scholiis
1162 3757 1261 3820 (fragm.
1280 3757 1339 3805 Ari-

267 3844 348 3907 stoph.
364 3845 413 3894 512
429 3844 525 3907 Dina).
1024 3853 1028 3860 '
1265 3837 1275 3850 “

300 3931 310 3963 ¹
343 3934 400 3982 Non
423 3935 549 3983 immerito
577 3935 709 3999 Euripides
734 3937 855 3999 gloriatur
881 3936 906 3982 in
923 3936 974 3984 suis
992 3937 1104 3985 versibus
1120 3951 1240 3999 nusquam
1257 3949 1339 3982 occar-

267 4037 321 4072 rcra
339 4022 455 4085 στοιβὴν,
474 4025 498 4072 id
515 4032 566 4083 ost,
590 4039 676 4075 vocem
693 4026 792 4076 inanem
811 4027 883 4073 matri
899 4039 974 4074 causa
992 4027 1075 4076 versui
1092 4027 1211 4075 insertam
1229 4025 1340 4086 (Belgica

268 4125 312 4160 een
330 4111 444 4174 stoplap),
461 4113 525 4162 Rau.
542 4127 577 4163 vs.
598 4115 668 4166 1178.

300 4199 310 4230 ³
344 4201 434 4250 Pollux
461 4201 512 4251 IV:
540 4204 586 4252 113
605 4203 841 4266 Στιχομνθίαετὸ
860 4200 919 4266 παρ’
936 4207 963 4252 ’ἐν
980 4202 1098 4265 ἰαμβεῖον
1115 4201 1266 4267 ἀντιλέγειν.
1302 4204 1341 4250 Do

269 4281 441 4353 stichouiythia
457 4292 594 4353 Euripidea
611 4293 716 4354 scriptus
735 4299 773 4342 cst
790 4289 854 4341 libcr
872 4292 902 4340 ab
921 4293 952 4341 Η.
972 4291 1080 4349 Bchrns‚
1099 4291 1209 4342 Wctalar
1229 4291 1298 4350 1864,
1317 4292 1341 4337 in

268 4393 317 4444 quo
342 4380 442 4442 regulae
467 4397 481 4428 a
506 4391 578 4443 poeta
604 4383 628 4429 in
652 4381 741 4429 talibus
758 4381 854 4430 dicendi
872 4381 1048 4430 certaminibus
1065 4382 1210 4429 observatae
1228 4390 1340 4428 accurare
1365 4377 1373 4393 ³

270 4480 436 4533 exponuntur.
